2009 3025
328 191 433 244 202
728 129 1103 239 csPLlNll
1137 175 1549 234 SECUNDI.

330 302 467 353 tum,
504 304 659 344 mons
683 295 770 341 est
790 287 1007 340 Maleus
1047 283 1300 346 nomine,
1335 285 1494 334 iuxta
1514 294 1675 349 quem
1703 277 1933 360 umbrae

332 366 546 412 aestate
563 362 617 409 in
640 363 904 417 austrum,
945 354 1122 406 hieme
1152 354 1207 403 in
1232 353 1687 419 septemtrionem
1725 349 1937 400 iaciun-

334 417 444 481 tur.
483 426 807 491 Quindecim
831 430 1048 475 tantum
1070 422 1328 473 noctibus
1351 419 1425 471 ibi
1447 423 1680 487 apparet
1697 422 1937 483 septem-

335 497 470 548 trio.
507 498 566 546 ln
590 489 782 547 eadei‘n
804 493 961 546 lndia
986 491 1195 542 Patalis
1220 490 1586 542 celeberrimo
1609 492 1795 553 portu,
1838 483 1938 536 Sol

338 566 536 617 dexter
555 564 745 625 oritur,
786 562 1014 613 umbrae
1034 561 1089 610 in
1113 558 1398 618 meridiem
1422 557 1643 609 cadunt.
1678 553 1935 621 Septem·

336 634 594 695 trionem,
632 633 707 683 ibi
729 629 1045 682 Alexandro
1089 633 1362 689 morante,
1407 630 1732 685 annotatum
1756 622 1942 689 prima

336 708 556 753 tantum
598 700 777 751 noctis
818 705 978 765 parte
1022 698 1218 764 aspici.
1276 696 1618 747 onesicritus
1658 692 1774 743 dux
1817 690 1940 743 eius

338 770 581 835 scripsit,
622 769 814 835 quibus
857 768 915 817 in
931 766 1075 817 locis
1095 766 1283 817 Indiae
1302 765 1531 816 umbrae
1552 777 1665 815 non
1685 760 1820 822 sint,
1858 773 1943 811 se·

338 838 730 905 ptemtrionem
752 851 860 887 non
879 835 1142 901 conspici,
1158 840 1218 885 et
1239 849 1306 887 ea
1327 833 1454 885 loca
1473 826 1742 900 appellari
1754 828 1942 882 Ascia=

340 923 442 959 nec
466 906 631 957 horas
653 904 989 957 dinumerari
1010 904 1107 955 ibi.
1135 926 1138 929 ⁴
1616 937 1621 940 -
2002 921 2008 940 ¹

409 974 656 1026 Lxxvl.
701 978 774 1027 At
794 974 849 1024 in
869 979 994 1024 tota
1015 970 1436 1038 Troglodytice,
1458 970 1681 1021 umbras
1699 968 1789 1020 bis
1806 981 1945 1034 qua·

341 1042 600 1109 draginta
640 1043 875 1110 quinque
918 1040 1116 1093 diebus
1153 1042 1210 1090 in
1251 1052 1395 1091 anno
1435 1036 1847 1091 Eratosthenes
1888 1038 1941 1088 in

340 1109 901 1164 contrarium.cadere
921 1110 1185 1176 prodidit.

410 1176 692 1228 Lxxvu.
748 1177 841 1228 Sic
881 1178 964 1240 fit,
1007 1183 1085 1228 ut·
1109 1176 1269 1228 vario
1300 1175 1439 1228 lucis
1477 1175 1845 1237 incremento,
1884 1174 1941 1228 in

340 1243 535 1297 Meroe
555 1244 913 1312 longissimus
935 1245 1056 1298 dies
1077 1247 1180 1298 ΧΠ
1205 1245 1374 1298 horas
1396 1242 1863 1311 aequinoctiales,
1888 1250 1941 1295 et

342 1320 471 1365 octo
497 1319 683 1380 partes
705 1314 871 1366 unius
892 1313 1065 1367 horae
1092 1315 1354 1383 colligat=
1392 1308 1762 1365 Aleiandriae
1806 1327 1939 1363 vero

340 1380 474 1433 XIV
492 1381 685 1433 horasz
727 1385 782 1433 in
802 1384 972 1436 ltalia
993 1383 1333 1450 quindecim:
1364 1383 1423 1433 in
1442 1382 1739 1433 Britannia
1756 1380 1938 1447 XV11;

254 1453 266 1459 ’
341 1452 437 1503 ubi
459 1457 672 1504 aestate
693 1452 908 1505 lucidae
930 1458 1142 1516 noctes,
1185 1451 1331 1503 baud
1360 1451 1523 1503 dubie
1542 1450 1942 1519 repromittunt

337 1519 418 1584 id,
459 1520 605 1587 quod
628 1522 779 1589 cogit
797 1523 944 1574 ratio
966 1521 1117 1574 credi
1134 1538 1148 1585 ς
1169 1521 1403 1573 solstitii
1423 1521 1617 1573 diebus
1636 1518 1941 1572 accedente

335 1588 471 1641 Sole
492 1591 717 1657 propius
736 1592 998 1644 verticem
1043 1589 1246 1651 mundi,
1289 1596 1523 1656 angusto
1543 1589 1686 1640 lucis
1707 1588 1941 1650 ambitu,

338 1658 591 1710 subiecta
629 1666 816 1712 terrae
860 1660 1152 1711 continuos
1194 1659 1315 1710 dies
1335 1657 1540 1711 habere
1560 1659 1708 1710 senis
1730 1657 1942 1709 mensi-

338 1726 471 1790 bus3
514 1733 813 1794 noctesque
835 1744 866 1781 e
890 1729 1110 1780 diverso
1134 1726 1204 1778 ad
1226 1728 1738 1779 brumam‘remotO.
1778 1724 1940 1788 Quod

339 1794 461 1847 fleri
484 1795 541 1845 in
561 1795 741 1848 insula
763 1795 976 1860 Thule,
1014 1794 1260 1864 Pytheas
1295 1795 1667 1849 Massiliensis·
1696 1793 1942 1862 scrin

342 1877 442 1914 sex
475 1863 688 1916 dierum
719 1866 1078 1932 navigatione
1100 1865 1156 1914 in
1186 1864 1640 1931 septemtrionem
1663 1880 1698 1916 a
1717 1865 1936 1917 Britan-
2002 1916 2008 1931 Α

340 1930 436 1982 nia
460 1930 700 1986 distante
725 1952 738 1985 ε
773 1932 995 1998 qu'idam
1017 1948 1149 1984 vero
1173 1941 1229 1985 et
1247 1934 1306 1984 in
1328 1933 1515 1995 Mona,
1553 1948 1698 2001 quae
1714 1932 1892 1986 distat
1907 1946 1942 1982 a

342 1999 685 2052 Camalduno
707 2000 1029 2054 Britanniae
1052 2001 1259 2069 oppido
1290 2001 1512 2055 circiter
1533 2001 1789 2054 ducentis
1813 2000 1937 2054 mil-

339 2066 506 2130 libus,
546 2072 838 2120 affirmant.

410 2135 713 2188 LXXVIII.
748 2136 1076 2201 Umbrarum
1096 2137 1238 2190 hanc
1254 2137 1544 2199 rationem,
1585 2144 1643 2190 et
1658 2153 1827 2206 quarn
1847 2152 1939 2191 vo·

341 2211 467 2254 cant
488 2205 868 2272 gnomonicen,
891 2207 1103 2258 invenit
1121 2207 1483 2260 Anaximenes
1509 2206 1781 2269 Milesius,
1802 2209 1939 2259 Ana·

336 2271 616 2324 ximandri
655 2272 749 2334 (de
782 2288 891 2340 quo
931 2272 1203 2344 diximus)
1243 2274 1576 2340 discipulus:
1618 2276 1939 2356 primusque

338 2337 705 2407 horologium,
748 2342 892 2409 quod
931 2342 1217 2410 appellant
1236 2341 1624 2406 sciothericom
1658 2342 1937 2397 Lacedae·

334 2419 505 2463 mona
520 2408 782 2461 ostendit.
1258 2414 1265 2419 ’

404 2473 657 2554 ΒΧξξΙΧ.
700 2478 883 2546 Ipsum
906 2480 1052 2533 diem
1075 2479 1178 2532 alii
1200 2479 1368 2534 aliter
1389 2480 1776 2533 observavere.
1833 2479 1938 2532 Ba·

334 2540 554 2605 bylonu
592 2545 735 2598 inter
761 2548 899 2601 dnos
926 2547 1078 2600 Solis
1117 2556 1369 2601 exortum
1409 2544 1772 2602 Athenienses
1792 2549 1939 2601 inter

338 2605 478 2659 duos
521 2623 748 2666 occasus
768 2634 783 2668 ι
822 2617 1014 2670 Umbri
1050 2630 1086 2667 a
1103 2616 1336 2670 meridie.
1368 2620 1425 2669 in
1446 2617 1737 2671 meridiem
1761 2636 1776 2669 ε
1816 2617 1934 2669 vul-

337 2687 440 2739 gus
459 2689 619 2732 omne
643 2696 679 2732 a
696 2683 817 2736 luce
838 2685 909 2736 ad
928 2683 1216 2737 tenebrant
1259 2687 1583 2740 sacerdotes
1607 2686 1862 2748 Romani,
1877 2692 1939 2736 et
