2009 3025
189 254 195 262 ,
250 192 551 286 NATuR.
589 203 923 257 nls'ron.
964 203 1126 258 LIB.
1167 205 1276 260 lv.
1315 205 1399 259 35.
1420 208 1505 262 36.
1575 210 1681 264 299

77 300 530 356 Promontorimn
553 302 808 354 Sacrum}
850 310 907 357 et
937 306 1172 359 alterum
1203 310 1440 365 Guneus.
1514 312 1681 379 Oppi-

78 371 174 426 da:
215 373 534 433 Ossonoba,
555 371 742 434 Balsa,
762 373 1031 439 Myrtilis.

144 440 419 491 Universa
459 441 747 505 provincia
785 441 1058 495 dividitur
1093 445 1152 496 in
1193 451 1495 498 conventus
1546 452 1683 512 tres,

73 507 501 570 Emeritensem,
544 508 862 573 Pacensem,
907 512 1338 566 Scalabitanum.
1411 516 1561 566 Tota
1584 531 1680 581 po·
1792 569 1799 578 ‚

73 576 338 644 polorum
359 576 558 639 XLVl,
579 579 638 630 in
662 580 859 644 quibus
880 582 1133 633 coloniae
1153 590 1282 636 sunt
1303 584 1687 649 quinque,mu·

72 645 345 712 nicipium
371 646 571 696 civium
598 646 755 699 Rom.
775 663 977 699 unum:
1023 651 1172 703 Latii
1195 653 1405 718 antiqui
1428 654 1560 703 tria:
1583 652 1685 702 sti·
1744 699 1747 708 ,

70 714 401 781 pendiaria,
446 714 700 767 XXXVI.
782 718 1073 784 Coloniae:
1130 721 1382 788 Augusta
1423 719 1689 783 Emerita,

68 784 228 834 Anae
251 781 421 834 fluvio
446 785 727 850 appositaz
767 785 1205 840 Metallinensis:
1249 789 1524 851 Pacensis,
1551 788 1690 841 Nor·

71 851 286 918 bensis,
328 852 664 905 CaesarIana
685 857 1032 923 cognomine.
1105 857 1439 909 Contributa
1470 863 1600 908 sunt
1629 859 1689 909 iu

69 934 194 971 eam
224 920 422 971 Castra
442 921 613 985 Iulia,
656 924 852 992 Castra
876 925 1136 978 Caecilia.
1209 928 1421 989 Quinta
1452 931 1537 976 est
1558 923 1689 982 Sca·

66 988 241 1050 labis,
266 1004 410 1056 quae
430 989 771 1043 Praesidium
799 993 995 1044 lulium
1019 1001 1272 1046 vocatur.
1319 995 1687 1061 Municipium

68 1057 280 1108 civium
308 1059 466 1109 Rom.
505 1059 739 1126 Olisipo,
761 1061 1030 1113 Felicitas
1054 1063 1196 1115 Iulia
1219 1064 1695 1131 cognominatum..

66 1127 296 1193 Oppida
320 1129 523 1197 veteris
543 1129 725 1180 Latii:
768 1130 973 1200 Ebora,
1017 1132 1164 1198 quod
1191 1136 1325 1185 item
1347 1132 1685 1185 Liberalitas

61 1195 252 1249 Iulia:
294 1201 353 1250 et
367 1195 622 1265 Myrtilis
646 1213 711 1249 ae
732 1198 969 1262 Salacia,
990 1205 1132 1268 quae
1154 1201 1412 1253 diximus.
1469 1200 1688 1267 Stipen-

63 1265 415 1327 diariorum,
458 1281 599 1332 quos
621 1268 904 1321 nominare
926 1284 1036 1319 non
1058 1270 1250 1338 pigeat
1265 1308 1281 1333 ,
1323 1277 1544 1337 praeter
1572 1270 1687 1321 iam

60 1333 257 1385 dictos
277 1334 336 1384 in
358 1335 616 1386 Baeticae
656 1338 1093 1401 cognominibus,
1129 1338 1687 1403 Augustobrigenses,

113 1404 440 1467 mmienses,
462 1404 801 1464 Aranditani,
811 1403 1218 1466 Arabricenses,
1230 1406 1545 1467 BalsenseS,
1554 1405 1689 1455 Cae·

58 1488 88 1524 s
164 1472 511 1534 obricenses,
533 1474 891 1539 Caperenses,
916 1472 1245 1536 Caurenses,
1268 1473 1514 1536 Colarni,
1537 1472 1685 1524 Cibi-

55 1541 261 1605 litani,
285 1541 736 1605 Concordienses,
750 1541 1053 1602 Elbocorii,
1072 1542 1532 1604 Interannienses,
1541 1541 1689 1592 Lan·

53 1612 313 1671 cieuses,
354 1610 811 1678 MirobrigenseS,
852 1610 946 1677 qui
967 1609 1168 1662 Celtici
1190 1609 1686 1678 cognominanturx

51 1679 556 1746 Medobrigenses,
571 1682 662 1746 qui
685 1679 1014 1730 Plumbarii:
1034 1678 1346 1741 Ocelenses,
1358 1678 1450 1745 qui
1471 1685 1530 1731 et
1541 1679 1688 1730 Lan-

49 1750 321 1802 cienses:
362 1749 596 1800 Turduli
617 1748 711 1815 qui
730 1747 979 1809 Barduli,
1002 1755 1059 1800 et
1077 1746 1303 1814 Tapori.
1340 1746 1687 1812 Lusitaniam

50 1834 192 1870 cum
222 1817 457 1868 Asturia
488 1824 544 1869 et
574 1817 864 1869 Gallaecia
895 1823 1088 1883 patere
1114 1814 1486 1884 'longitudine
1529 1813 1686 1866 DXL

42 1887 134 1939 Μ.
163 1900 350 1954 pass„
369 1885 665 1938 latitudine
684 1883 974 1938 Dxxxv1
1002 1885 1080 1936 M.
1150 1887 1397 1954 Agrippa
1418 1883 1684 1952 prodidit.

45 1958 286 2009 Omnes
307 1960 493 2006 autem
513 1953 837 2021 Hispaniae,
861 1970 894 2006 a
913 1954 1128 2006 duobus
1138 1953 1411 2022 Pyrenaei
1432 1968 1688 2023 promon-

39 2024 239 2087 toriis
260 2036 365 2090 per
381 2023 581 2085 maria,
620 2026 789 2075 totius
823 2038 955 2076 orae
983 2024 1220 2076 circuitu
1259 2039 1406 2092 pass.
1445 2023 1687 2091 vigesies

33 2093 270 2149 novies
294 2098 545 2154 centena,
568 2097 625 2143 et
645 2093 842 2160 viginti
866 2092 976 2144 duo
1000 2092 1189 2144 millia
1204 2093 1474 2161 colligere
1498 2090 1689 2147 existi·

31 2166 319 2222 mantur,
341 2161 408 2212 ab
433 2161 555 2212 aliis
575 2160 808 2229 vigesies
830 2163 1012 2213 sexies
1046 2168 1278 2214 centena
1299 2161 1491 2212 millia.
1546 2204 1551 2207 .

119 2228 399 2283 XXXVI.
431 2230 524 2285 Ex
555 2229 788 2281 advo-so
828 2230 1164 2282 Celtiberiae
1205 2229 1516 2297 complures
1556 2233 1684 2280 sunt

22 2298 326 2360 insulae,
368 2298 730 2349 Cassiterides
771 2297 953 2363 dictae
994 2299 1255 2361 Graecis,
1312 2313 1346 2349 a
1380 2296 1683 2350 fertilitate

21 2366 290 2440 plumbi
305 2382 320 2415 =
343 2370 401 2417 et
414 2380 445 2417 e
467 2366 696 2434 regione
704 2367 1126 2419 Arrotrebarum
1139 2367 1680 2432 promontorii,Deo·

17 2453 188 2495 rum
221 2448 346 2495 sex,
360 2449 496 2500 quas
514 2436 687 2502 aliqui
708 2434 1048 2486 Fortunatas
1068 2435 1437 2501 appellavere.
1473 2435 1536 2486 ln
1558 2435 1685 2498 ipso

7 2528 54 2560 τ
73 2521 200 2559 ero
231 2503 418 2568 capite
439 2503 717 2565 Baeticae,
738 2503 809 2554 ab
830 2503 981 2559 ostio,
1000 2502 1130 2554 freti
1156 2517 1303 2567 pass.
1347 2503 1504 2555 XXV
1540 2501 1682 2552 mill.

4 2573 273 2637 Gadis&
299 2572 468 2637 longa
487 2574 573 2640 (ut
591 2571 862 2638 Polybius
881 2571 1099 2633 scribit)
1121 2571 1223 2629 xli
1245 2570 1404 2633 mill.,
1442 2571 1562 2623 lata
1602 2570 1683 2623 111

0 2646 204 2701 nxill.
233 2656 518 2708 passuum.
586 2640 758 2692 Abest
795 2652 830 2691 a
872 2642 1192 2706 continente
1234 2640 1486 2706 proxima
1521 2645 1683 2706 parte

0 2715 258 2771 nninus
306 2709 476 2779 pedes
514 2708 690 2774 Dec„
729 2709 947 2777 reliqua
984 2709 1110 2777 plus
1130 2709 1526 2776 septemtmill.
1560 2710 1681 2775 p‘asf
