<?xml version="1.0" encoding="UTF-8"?>
<!DOCTYPE html PUBLIC "-//W3C//DTD XHTML 1.0 Transitional//EN"
    "http://www.w3.org/TR/xhtml1/DTD/xhtml1-transitional.dtd">
<html xmlns="http://www.w3.org/1999/xhtml" xml:lang="en" lang="en">
 <head>
  <title>
</title>
<meta http-equiv="Content-Type" content="text/html;charset=utf-8" />
  <meta name='ocr-system' content='tesseract 3.04.00' />
  <meta name='ocr-capabilities' content='ocr_page ocr_carea ocr_par ocr_line ocrx_word'/>
</head>
<body>
  <div class='ocr_page' id='page_1' title='image "./caiipliniisecun04plingoog_0215.png"; bbox 0 0 2009 3025; ppageno 0'>
   <div class='ocr_carea' id='block_1_1' title="bbox 32 111 1711 1312">
    <p class='ocr_par' dir='ltr' id='par_1_1' title="bbox 32 111 1711 1312">
     <span class='ocr_line' id='line_1_1' title="bbox 200 111 1654 177; baseline 0.006 -14"><span class='ocrx_word' id='word_1_1' title='bbox 200 111 498 165; x_wconf 87' lang='lat' dir='ltr'><strong>NATUR.</strong></span> <span class='ocrx_word' id='word_1_2' title='bbox 540 111 887 167; x_wconf 85' lang='lat' dir='ltr'><strong>HISTOR.</strong></span> <span class='ocrx_word' id='word_1_3' title='bbox 928 114 1100 177; x_wconf 73' lang='lat' dir='ltr'><strong>LIB.</strong></span> <span class='ocrx_word' id='word_1_4' title='bbox 1141 117 1223 171; x_wconf 88' lang='lat'><strong>11.</strong></span> <span class='ocrx_word' id='word_1_5' title='bbox 1243 115 1464 171; x_wconf 67' lang='lat'><strong>85-891</strong></span> <span class='ocrx_word' id='word_1_6' title='bbox 1548 121 1654 171; x_wconf 83' lang='lat'><strong>20⁷</strong></span> 
     </span>
     <span class='ocr_line' id='line_1_2' title="bbox 75 212 1656 283; baseline 0.003 -16"><span class='ocrx_word' id='word_1_7' title='bbox 75 212 354 267; x_wconf 85' lang='lat' dir='ltr'><strong>cumidem</strong></span> <span class='ocrx_word' id='word_1_8' title='bbox 393 213 491 266; x_wconf 85' lang='lat' dir='ltr'><strong>ille</strong></span> <span class='ocrx_word' id='word_1_9' title='bbox 529 215 760 282; x_wconf 87' lang='lat' dir='ltr'><strong>spiritus</strong></span> <span class='ocrx_word' id='word_1_10' title='bbox 798 216 1108 268; x_wconf 88' lang='lat' dir='ltr'><strong>attollendo</strong></span> <span class='ocrx_word' id='word_1_11' title='bbox 1141 222 1337 283; x_wconf 87' lang='lat' dir='ltr'><strong>potens</strong></span> <span class='ocrx_word' id='word_1_12' title='bbox 1360 219 1499 281; x_wconf 91' lang='lat' dir='ltr'><strong>solo,</strong></span> <span class='ocrx_word' id='word_1_13' title='bbox 1542 234 1656 273; x_wconf 84' lang='lat' dir='ltr'><strong>nou</strong></span> 
     </span>
     <span class='ocr_line' id='line_1_3' title="bbox 32 283 1655 355; baseline 0.004 -23"><span class='ocrx_word' id='word_1_14' title='bbox 32 343 40 355; x_wconf 93' lang='lat'><strong>.</strong></span> <span class='ocrx_word' id='word_1_15' title='bbox 75 283 246 332; x_wconf 79' lang='lat' dir='ltr'><strong>valuit</strong></span> <span class='ocrx_word' id='word_1_16' title='bbox 266 296 565 348; x_wconf 81' lang='lat' dir='ltr'><strong>erumpere.</strong></span> <span class='ocrx_word' id='word_1_17' title='bbox 602 284 917 337; x_wconf 85' lang='lat' dir='ltr'><strong>Nascuntur</strong></span> <span class='ocrx_word' id='word_1_18' title='bbox 940 285 1083 336; x_wconf 87' lang='lat' dir='ltr'><strong>enim</strong></span> <span class='ocrx_word' id='word_1_19' title='bbox 1107 301 1210 336; x_wconf 88' lang='lat' dir='ltr'><strong>nec</strong></span> <span class='ocrx_word' id='word_1_20' title='bbox 1228 284 1513 337; x_wconf 88' lang='lat' dir='ltr'><strong>fluminum</strong></span> <span class='ocrx_word' id='word_1_21' title='bbox 1539 294 1655 339; x_wconf 87' lang='lat' dir='ltr'><strong>tan·</strong></span> 
     </span>
     <span class='ocr_line' id='line_1_4' title="bbox 75 349 1651 414; baseline 0.006 -14"><span class='ocrx_word' id='word_1_22' title='bbox 75 356 191 400; x_wconf 91' lang='lat' dir='ltr'><strong>tum</strong></span> <span class='ocrx_word' id='word_1_23' title='bbox 230 349 470 412; x_wconf 84' lang='lat' dir='ltr'><strong>invectu,</strong></span> <span class='ocrx_word' id='word_1_24' title='bbox 514 351 660 403; x_wconf 89' lang='lat' dir='ltr'><strong>sicut</strong></span> <span class='ocrx_word' id='word_1_25' title='bbox 698 351 1005 404; x_wconf 70' lang='lat' dir='ltr'>Echinades</span> <span class='ocrx_word' id='word_1_26' title='bbox 1048 354 1263 406; x_wconf 87' lang='lat' dir='ltr'><strong>insulae</strong></span> <span class='ocrx_word' id='word_1_27' title='bbox 1304 356 1372 406; x_wconf 87' lang='lat' dir='ltr'><strong>ab</strong></span> <span class='ocrx_word' id='word_1_28' title='bbox 1410 354 1651 414; x_wconf 76' lang='lat' dir='ltr'><strong>Acheloo</strong></span> 
     </span>
     <span class='ocr_line' id='line_1_5' title="bbox 77 421 1711 489; baseline 0.004 -20"><span class='ocrx_word' id='word_1_29' title='bbox 77 431 231 469; x_wconf 88' lang='lat' dir='ltr'><strong>amne</strong></span> <span class='ocrx_word' id='word_1_30' title='bbox 269 432 369 467; x_wconf 86' lang='lat' dir='ltr'><strong>con</strong></span> <span class='ocrx_word' id='word_1_31' title='bbox 410 424 580 482; x_wconf 90' lang='lat' dir='ltr'><strong>estae,</strong></span> <span class='ocrx_word' id='word_1_32' title='bbox 618 422 902 488; x_wconf 84' lang='lat' dir='ltr'><strong>maiorque</strong></span> <span class='ocrx_word' id='word_1_33' title='bbox 940 435 1069 488; x_wconf 85' lang='lat' dir='ltr'><strong>pars</strong></span> <span class='ocrx_word' id='word_1_34' title='bbox 1088 422 1327 489; x_wconf 80' lang='lat' dir='ltr'><strong>Aegypti</strong></span> <span class='ocrx_word' id='word_1_35' title='bbox 1351 421 1559 485; x_wconf 81' lang='lat' dir='ltr'><strong>aNi103</strong></span> <span class='ocrx_word' id='word_1_36' title='bbox 1587 424 1655 475; x_wconf 81' lang='lat' dir='ltr'><strong>iu</strong></span> <span class='ocrx_word' id='word_1_37' title='bbox 1707 446 1711 459; x_wconf 85' lang='lat'>·</span> 
     </span>
     <span class='ocr_line' id='line_1_6' title="bbox 76 485 1657 552; baseline 0.006 -18"><span class='ocrx_word' id='word_1_38' title='bbox 76 499 235 552; x_wconf 83' lang='lat' dir='ltr'><strong>quam</strong></span> <span class='ocrx_word' id='word_1_39' title='bbox 271 500 305 536; x_wconf 89' lang='lat' dir='ltr'><strong>a</strong></span> <span class='ocrx_word' id='word_1_40' title='bbox 332 485 375 536; x_wconf 92' lang='lat' dir='ltr'><strong>P</strong></span> <span class='ocrx_word' id='word_1_41' title='bbox 416 501 516 537; x_wconf 86' lang='lat' dir='ltr'><strong>aro</strong></span> <span class='ocrx_word' id='word_1_42' title='bbox 556 487 738 540; x_wconf 89' lang='lat' dir='ltr'><strong>insula</strong></span> <span class='ocrx_word' id='word_1_43' title='bbox 780 489 958 541; x_wconf 90' lang='lat' dir='ltr'><strong>noctis</strong></span> <span class='ocrx_word' id='word_1_44' title='bbox 991 495 1050 541; x_wconf 88' lang='lat' dir='ltr'><strong>et</strong></span> <span class='ocrx_word' id='word_1_45' title='bbox 1071 489 1181 541; x_wconf 87' lang='lat' dir='ltr'><strong>diei</strong></span> <span class='ocrx_word' id='word_1_46' title='bbox 1223 486 1443 542; x_wconf 82' lang='lat' dir='ltr'><strong>cursum</strong></span> <span class='ocrx_word' id='word_1_47' title='bbox 1482 489 1657 543; x_wconf 83' lang='lat' dir='ltr'><strong>fuisse</strong></span> 
     </span>
     <span class='ocr_line' id='line_1_7' title="bbox 74 553 1657 622; baseline 0.003 -16"><span class='ocrx_word' id='word_1_48' title='bbox 74 554 317 606; x_wconf 85' lang='lat' dir='ltr'><strong>Homero</strong></span> <span class='ocrx_word' id='word_1_49' title='bbox 341 553 636 608; x_wconf 88' lang='lat' dir='ltr'><strong>credimus:</strong></span> <span class='ocrx_word' id='word_1_50' title='bbox 673 558 770 609; x_wconf 89' lang='lat' dir='ltr'><strong>sed</strong></span> <span class='ocrx_word' id='word_1_51' title='bbox 792 563 848 609; x_wconf 87' lang='lat' dir='ltr'><strong>et</strong></span> <span class='ocrx_word' id='word_1_52' title='bbox 867 570 1088 610; x_wconf 84' lang='lat' dir='ltr'><strong>recessu</strong></span> <span class='ocrx_word' id='word_1_53' title='bbox 1109 559 1292 622; x_wconf 89' lang='lat' dir='ltr'><strong>maris,</strong></span> <span class='ocrx_word' id='word_1_54' title='bbox 1312 559 1456 610; x_wconf 89' lang='lat' dir='ltr'><strong>sicut</strong></span> <span class='ocrx_word' id='word_1_55' title='bbox 1474 557 1657 610; x_wconf 84' lang='lat' dir='ltr'><strong>eidem</strong></span> 
     </span>
     <span class='ocr_line' id='line_1_8' title="bbox 74 621 1658 693; baseline 0.001 -18"><span class='ocrx_word' id='word_1_56' title='bbox 74 621 148 675; x_wconf 84' lang='lat' dir='ltr'><strong>de</strong></span> <span class='ocrx_word' id='word_1_57' title='bbox 167 622 404 673; x_wconf 74' lang='lat' dir='ltr'><strong>Circeiis.</strong></span> <span class='ocrx_word' id='word_1_58' title='bbox 441 624 603 685; x_wconf 74' lang='lat' dir='ltr'><strong>Quod</strong></span> <span class='ocrx_word' id='word_1_59' title='bbox 641 625 911 678; x_wconf 88' lang='lat' dir='ltr'><strong>accidisse</strong></span> <span class='ocrx_word' id='word_1_60' title='bbox 944 632 1000 677; x_wconf 88' lang='lat' dir='ltr'><strong>et</strong></span> <span class='ocrx_word' id='word_1_61' title='bbox 1033 627 1091 677; x_wconf 89' lang='lat' dir='ltr'><strong>in</strong></span> <span class='ocrx_word' id='word_1_62' title='bbox 1130 627 1466 689; x_wconf 24' lang='lat' dir='ltr'><strong>Ambraciae&amp;</strong></span> <span class='ocrx_word' id='word_1_63' title='bbox 1492 634 1658 693; x_wconf 88' lang='lat' dir='ltr'><strong>portu</strong></span> 
     </span>
     <span class='ocr_line' id='line_1_9' title="bbox 72 690 1703 759; baseline 0.001 -15"><span class='ocrx_word' id='word_1_64' title='bbox 72 690 256 744; x_wconf 85' lang='lat' dir='ltr'><strong>decem</strong></span> <span class='ocrx_word' id='word_1_65' title='bbox 274 691 507 743; x_wconf 89' lang='lat' dir='ltr'><strong>millium</strong></span> <span class='ocrx_word' id='word_1_66' title='bbox 528 706 787 758; x_wconf 88' lang='lat' dir='ltr'><strong>passuum</strong></span> <span class='ocrx_word' id='word_1_67' title='bbox 810 694 1110 755; x_wconf 80' lang='lat' dir='ltr'><strong>intervallo</strong></span> <span class='ocrx_word' id='word_1_68' title='bbox 1122 712 1139 759; x_wconf 81' lang='lat'><em>3</em></span> <span class='ocrx_word' id='word_1_69' title='bbox 1170 703 1229 747; x_wconf 92' lang='lat' dir='ltr'><strong>et</strong></span> <span class='ocrx_word' id='word_1_70' title='bbox 1245 693 1659 748; x_wconf 83' lang='lat' dir='ltr'><strong>Atheniensium</strong></span> <span class='ocrx_word' id='word_1_71' title='bbox 1699 703 1703 709; x_wconf 85' lang='lat'>&#39;</span> 
     </span>
     <span class='ocr_line' id='line_1_10' title="bbox 71 759 1657 829; baseline 0.001 -19"><span class='ocrx_word' id='word_1_72' title='bbox 71 759 304 828; x_wconf 81' lang='lat' dir='ltr'><strong>quinque</strong></span> <span class='ocrx_word' id='word_1_73' title='bbox 323 760 556 812; x_wconf 84' lang='lat' dir='ltr'><strong>millium</strong></span> <span class='ocrx_word' id='word_1_74' title='bbox 572 761 640 813; x_wconf 87' lang='lat' dir='ltr'><strong>ad</strong></span> <span class='ocrx_word' id='word_1_75' title='bbox 653 761 948 815; x_wconf 80' lang='lat' dir='ltr'><strong>Piraeeum</strong></span> <span class='ocrx_word' id='word_1_76' title='bbox 967 770 1330 816; x_wconf 78' lang='lat' dir='ltr'><strong>memoratur:</strong></span> <span class='ocrx_word' id='word_1_77' title='bbox 1356 770 1415 815; x_wconf 89' lang='lat' dir='ltr'><strong>et</strong></span> <span class='ocrx_word' id='word_1_78' title='bbox 1428 761 1657 829; x_wconf 86' lang='lat' dir='ltr'><strong>Ephesi,</strong></span> 
     </span>
     <span class='ocr_line' id='line_1_11' title="bbox 70 827 1655 897; baseline 0.001 -17"><span class='ocrx_word' id='word_1_79' title='bbox 70 828 168 882; x_wconf 87' lang='lat' dir='ltr'><strong>ubi</strong></span> <span class='ocrx_word' id='word_1_80' title='bbox 189 827 460 894; x_wconf 88' lang='lat' dir='ltr'><strong>quondam</strong></span> <span class='ocrx_word' id='word_1_81' title='bbox 484 831 673 882; x_wconf 87' lang='lat' dir='ltr'><strong>aedem</strong></span> <span class='ocrx_word' id='word_1_82' title='bbox 689 832 908 883; x_wconf 84' lang='lat' dir='ltr'><strong>Dianae</strong></span> <span class='ocrx_word' id='word_1_83' title='bbox 933 832 1194 883; x_wconf 85' lang='lat' dir='ltr'><strong>alluebat.</strong></span> <span class='ocrx_word' id='word_1_84' title='bbox 1231 832 1525 884; x_wconf 86' lang='lat' dir='ltr'><strong>Herodoto</strong></span> <span class='ocrx_word' id='word_1_85' title='bbox 1536 831 1655 897; x_wconf 89' lang='lat' dir='ltr'><strong>qui-</strong></span> 
     </span>
     <span class='ocr_line' id='line_1_12' title="bbox 71 895 1659 967; baseline 0.002 -19"><span class='ocrx_word' id='word_1_86' title='bbox 71 895 196 950; x_wconf 86' lang='lat' dir='ltr'><strong>dem</strong></span> <span class='ocrx_word' id='word_1_87' title='bbox 224 896 273 947; x_wconf 88' lang='lat' dir='ltr'><strong>si</strong></span> <span class='ocrx_word' id='word_1_88' title='bbox 309 898 599 962; x_wconf 86' lang='lat' dir='ltr'><strong>credimus,</strong></span> <span class='ocrx_word' id='word_1_89' title='bbox 637 914 790 953; x_wconf 89' lang='lat' dir='ltr'><strong>mare</strong></span> <span class='ocrx_word' id='word_1_90' title='bbox 827 898 938 950; x_wconf 86' lang='lat' dir='ltr'><strong>fuit</strong></span> <span class='ocrx_word' id='word_1_91' title='bbox 978 916 1149 967; x_wconf 82' lang='lat' dir='ltr'><strong>supra</strong></span> <span class='ocrx_word' id='word_1_92' title='bbox 1168 899 1466 966; x_wconf 81' lang='lat' dir='ltr'><strong>Memphim</strong></span> <span class='ocrx_word' id='word_1_93' title='bbox 1486 913 1659 965; x_wconf 88' lang='lat' dir='ltr'><strong>usque</strong></span> 
     </span>
     <span class='ocr_line' id='line_1_13' title="bbox 69 965 1657 1035; baseline -0.001 -17"><span class='ocrx_word' id='word_1_94' title='bbox 69 965 146 1018; x_wconf 74' lang='lat' dir='ltr'><strong>a‘d</strong></span> <span class='ocrx_word' id='word_1_95' title='bbox 183 965 792 1032; x_wconf 82' lang='lat' dir='ltr'><strong>Aethiopum-montes:</strong></span> <span class='ocrx_word' id='word_1_96' title='bbox 834 970 1084 1034; x_wconf 84' lang='lat' dir='ltr'><strong>itemque</strong></span> <span class='ocrx_word' id='word_1_97' title='bbox 1116 983 1150 1019; x_wconf 98' lang='lat' dir='ltr'><strong>a</strong></span> <span class='ocrx_word' id='word_1_98' title='bbox 1189 969 1367 1035; x_wconf 83' lang='lat' dir='ltr'><strong>planis</strong></span> <span class='ocrx_word' id='word_1_99' title='bbox 1405 966 1657 1021; x_wconf 77' lang='lat' dir='ltr'><strong>Arabiae.</strong></span> 
     </span>
     <span class='ocr_line' id='line_1_14' title="bbox 66 1034 1656 1107; baseline 0.001 -21"><span class='ocrx_word' id='word_1_100' title='bbox 66 1035 227 1087; x_wconf 82' lang='lat' dir='ltr'><strong>Mare</strong></span> <span class='ocrx_word' id='word_1_101' title='bbox 250 1039 305 1086; x_wconf 86' lang='lat' dir='ltr'><strong>et</strong></span> <span class='ocrx_word' id='word_1_102' title='bbox 328 1036 476 1086; x_wconf 87' lang='lat' dir='ltr'><strong>circa</strong></span> <span class='ocrx_word' id='word_1_103' title='bbox 486 1034 666 1099; x_wconf 87' lang='lat' dir='ltr'><strong>Ilium,</strong></span> <span class='ocrx_word' id='word_1_104' title='bbox 690 1043 746 1089; x_wconf 90' lang='lat' dir='ltr'><strong>et</strong></span> <span class='ocrx_word' id='word_1_105' title='bbox 768 1036 1262 1101; x_wconf 86' lang='lat' dir='ltr'><strong>totaTeuthrania,</strong></span> <span class='ocrx_word' id='word_1_106' title='bbox 1284 1051 1501 1107; x_wconf 86' lang='lat' dir='ltr'><strong>quaque</strong></span> <span class='ocrx_word' id='word_1_107' title='bbox 1515 1050 1656 1088; x_wconf 87' lang='lat' dir='ltr'><strong>cam·</strong></span> 
     </span>
     <span class='ocr_line' id='line_1_15' title="bbox 63 1102 897 1172; baseline 0.005 -17"><span class='ocrx_word' id='word_1_108' title='bbox 63 1116 174 1172; x_wconf 84' lang='lat' dir='ltr'><strong>pos</strong></span> <span class='ocrx_word' id='word_1_109' title='bbox 196 1102 453 1155; x_wconf 87' lang='lat' dir='ltr'><strong>intulerit</strong></span> <span class='ocrx_word' id='word_1_110' title='bbox 470 1105 795 1159; x_wconf 78' lang='lat' dir='ltr'><strong>Maeander.</strong></span> <span class='ocrx_word' id='word_1_111' title='bbox 886 1163 897 1169; x_wconf 18' lang='grc' dir='ltr'><strong>ᾗ</strong></span> 
     </span>
     <span class='ocr_line' id='line_1_16' title="bbox 141 1152 1660 1235; baseline 0.001 -12"><span class='ocrx_word' id='word_1_112' title='bbox 141 1169 493 1226; x_wconf 83' lang='lat' dir='ltr'><strong>Lxxxvm.</strong></span> <span class='ocrx_word' id='word_1_113' title='bbox 529 1152 841 1228; x_wconf 52' lang='lat' dir='ltr'><strong>Nascuntuff·</strong></span> <span class='ocrx_word' id='word_1_114' title='bbox 859 1181 917 1227; x_wconf 89' lang='lat' dir='ltr'><strong>et</strong></span> <span class='ocrx_word' id='word_1_115' title='bbox 937 1174 1052 1227; x_wconf 85' lang='lat' dir='ltr'><strong>alio</strong></span> <span class='ocrx_word' id='word_1_116' title='bbox 1073 1174 1238 1227; x_wconf 90' lang='lat' dir='ltr'><strong>modo</strong></span> <span class='ocrx_word' id='word_1_117' title='bbox 1260 1180 1461 1235; x_wconf 85' lang='lat' dir='ltr'><strong>terrae,</strong></span> <span class='ocrx_word' id='word_1_118' title='bbox 1489 1187 1556 1224; x_wconf 90' lang='lat' dir='ltr'><strong>ac</strong></span> <span class='ocrx_word' id='word_1_119' title='bbox 1574 1187 1660 1225; x_wconf 87' lang='lat' dir='ltr'><strong>re·</strong></span> 
     </span>
     <span class='ocr_line' id='line_1_17' title="bbox 58 1238 1658 1312; baseline 0.002 -23"><span class='ocrx_word' id='word_1_120' title='bbox 58 1245 232 1308; x_wconf 84' lang='lat' dir='ltr'><strong>pente</strong></span> <span class='ocrx_word' id='word_1_121' title='bbox 269 1238 327 1291; x_wconf 85' lang='lat' dir='ltr'><strong>in</strong></span> <span class='ocrx_word' id='word_1_122' title='bbox 369 1242 555 1308; x_wconf 85' lang='lat' dir='ltr'><strong>aliquo</strong></span> <span class='ocrx_word' id='word_1_123' title='bbox 592 1245 733 1295; x_wconf 89' lang='lat' dir='ltr'><strong>mari</strong></span> <span class='ocrx_word' id='word_1_124' title='bbox 763 1249 1083 1312; x_wconf 84' lang='lat' dir='ltr'><strong>emergunt,</strong></span> <span class='ocrx_word' id='word_1_125' title='bbox 1113 1243 1268 1295; x_wconf 83' lang='lat' dir='ltr'><strong>velut</strong></span> <span class='ocrx_word' id='word_1_126' title='bbox 1295 1243 1452 1310; x_wconf 82' lang='lat' dir='ltr'><strong>paria</strong></span> <span class='ocrx_word' id='word_1_127' title='bbox 1472 1255 1658 1294; x_wconf 88' lang='lat' dir='ltr'><strong>secum</strong></span> 
     </span>
    </p>
   </div>
   <div class='ocr_carea' id='block_1_2' title="bbox 54 1304 1657 1430">
    <p class='ocr_par' dir='ltr' id='par_1_2' title="bbox 54 1304 1657 1430">
     <span class='ocr_line' id='line_1_18' title="bbox 58 1304 1657 1426; baseline 0 -65"><span class='ocrx_word' id='word_1_128' title='bbox 58 1309 307 1426; x_wconf 56' lang='grc' dir='ltr'><strong>ἰαῖἰίἓιιιξ</strong></span> <span class='ocrx_word' id='word_1_129' title='bbox 328 1314 550 1375; x_wconf 80' lang='lat' dir='ltr'><strong>natura3</strong></span> <span class='ocrx_word' id='word_1_130' title='bbox 585 1326 835 1378; x_wconf 86' lang='lat' dir='ltr'><strong>quaeque</strong></span> <span class='ocrx_word' id='word_1_131' title='bbox 867 1311 1114 1366; x_wconf 80' lang='lat' dir='ltr'><strong>hauserit</strong></span> <span class='ocrx_word' id='word_1_132' title='bbox 1130 1311 1342 1377; x_wconf 88' lang='lat' dir='ltr'><strong>hiatus,</strong></span> <span class='ocrx_word' id='word_1_133' title='bbox 1384 1311 1496 1362; x_wconf 89' lang='lat' dir='ltr'><strong>alio</strong></span> <span class='ocrx_word' id='word_1_134' title='bbox 1532 1304 1657 1362; x_wconf 80' lang='lat' dir='ltr'><strong>loco</strong></span> 
     </span>
     <span class='ocr_line' id='line_1_19' title="bbox 54 1390 359 1430; baseline 0.007 -6"><span class='ocrx_word' id='word_1_135' title='bbox 54 1392 127 1430; x_wconf 78' lang='lat' dir='ltr'><strong>re</strong></span> <span class='ocrx_word' id='word_1_136' title='bbox 213 1390 279 1425; x_wconf 89' lang='lat' dir='ltr'><strong>en</strong></span> <span class='ocrx_word' id='word_1_137' title='bbox 309 1390 359 1426; x_wconf 61' lang='lat' dir='ltr'><strong>ex</strong></span> 
     </span>
    </p>
   </div>
   <div class='ocr_carea' id='block_1_3' title="bbox 41 1434 1712 2676">
    <p class='ocr_par' dir='ltr' id='par_1_3' title="bbox 47 1434 1712 2401">
     <span class='ocr_line' id='line_1_20' title="bbox 136 1434 1659 1512; baseline 0.002 -18"><span class='ocrx_word' id='word_1_138' title='bbox 136 1441 440 1494; x_wconf 81' lang='lat' dir='ltr'><strong>Lxxxlx.</strong></span> <span class='ocrx_word' id='word_1_139' title='bbox 482 1443 674 1497; x_wconf 82' lang='lat' dir='ltr'><strong>Clarae</strong></span> <span class='ocrx_word' id='word_1_140' title='bbox 714 1434 820 1495; x_wconf 81' lang='lat' dir='ltr'><strong>iam</strong></span> <span class='ocrx_word' id='word_1_141' title='bbox 860 1445 1072 1510; x_wconf 89' lang='lat' dir='ltr'><strong>pridem</strong></span> <span class='ocrx_word' id='word_1_142' title='bbox 1111 1448 1368 1512; x_wconf 87' lang='lat' dir='ltr'><strong>insulae,</strong></span> <span class='ocrx_word' id='word_1_143' title='bbox 1402 1446 1579 1499; x_wconf 82' lang='lat' dir='ltr'><strong>Delos</strong></span> <span class='ocrx_word' id='word_1_144' title='bbox 1601 1450 1659 1498; x_wconf 75' lang='lat' dir='ltr'><strong>et</strong></span> 
     </span>
     <span class='ocr_line' id='line_1_21' title="bbox 50 1508 1652 1582; baseline 0.002 -18"><span class='ocrx_word' id='word_1_145' title='bbox 50 1508 320 1573; x_wconf 84' lang='lat' dir='ltr'><strong>Rhodos,</strong></span> <span class='ocrx_word' id='word_1_146' title='bbox 363 1514 662 1582; x_wconf 81' lang='lat' dir='ltr'><strong>memoriae</strong></span> <span class='ocrx_word' id='word_1_147' title='bbox 696 1514 1008 1580; x_wconf 81' lang='lat' dir='ltr'><strong>produntur</strong></span> <span class='ocrx_word' id='word_1_148' title='bbox 1038 1523 1253 1569; x_wconf 85' lang='lat' dir='ltr'><strong>enatae.</strong></span> <span class='ocrx_word' id='word_1_149' title='bbox 1310 1516 1512 1568; x_wconf 84' lang='lat' dir='ltr'><strong>Postea</strong></span> <span class='ocrx_word' id='word_1_150' title='bbox 1549 1515 1652 1567; x_wconf 91' lang='lat' dir='ltr'><strong>mi·</strong></span> 
     </span>
     <span class='ocr_line' id='line_1_22' title="bbox 51 1578 1676 1646; baseline 0.001 -11"><span class='ocrx_word' id='word_1_151' title='bbox 51 1594 251 1641; x_wconf 85' lang='lat' dir='ltr'><strong>nores,</strong></span> <span class='ocrx_word' id='word_1_152' title='bbox 293 1578 441 1631; x_wconf 85' lang='lat' dir='ltr'><strong>ultra</strong></span> <span class='ocrx_word' id='word_1_153' title='bbox 471 1581 660 1633; x_wconf 85' lang='lat' dir='ltr'><strong>Melon</strong></span> <span class='ocrx_word' id='word_1_154' title='bbox 690 1579 938 1646; x_wconf 81' lang='lat' dir='ltr'><strong>Anaphe:</strong></span> <span class='ocrx_word' id='word_1_155' title='bbox 980 1583 1128 1633; x_wconf 86' lang='lat' dir='ltr'><strong>inter</strong></span> <span class='ocrx_word' id='word_1_156' title='bbox 1146 1584 1414 1634; x_wconf 84' lang='lat' dir='ltr'><strong>Lemnum</strong></span> <span class='ocrx_word' id='word_1_157' title='bbox 1435 1590 1491 1635; x_wconf 86' lang='lat' dir='ltr'><strong>et</strong></span> <span class='ocrx_word' id='word_1_158' title='bbox 1514 1585 1676 1637; x_wconf 59' lang='lat' dir='ltr'><strong>Heln·</strong></span> 
     </span>
     <span class='ocr_line' id='line_1_23' title="bbox 51 1643 1652 1715; baseline 0 -13"><span class='ocrx_word' id='word_1_159' title='bbox 51 1650 382 1715; x_wconf 86' lang='lat' dir='ltr'><strong>lespontum</strong></span> <span class='ocrx_word' id='word_1_160' title='bbox 422 1643 566 1701; x_wconf 79' lang='lat' dir='ltr'><strong>Nea:</strong></span> <span class='ocrx_word' id='word_1_161' title='bbox 602 1650 752 1701; x_wconf 87' lang='lat' dir='ltr'><strong>inter</strong></span> <span class='ocrx_word' id='word_1_162' title='bbox 796 1647 1079 1700; x_wconf 83' lang='lat' dir='ltr'><strong>Lebedum</strong></span> <span class='ocrx_word' id='word_1_163' title='bbox 1120 1656 1176 1700; x_wconf 90' lang='lat' dir='ltr'><strong>et</strong></span> <span class='ocrx_word' id='word_1_164' title='bbox 1215 1653 1371 1701; x_wconf 84' lang='lat' dir='ltr'><strong>Teon</strong></span> <span class='ocrx_word' id='word_1_165' title='bbox 1409 1651 1652 1703; x_wconf 72' lang='lat' dir='ltr'><strong>Halonez</strong></span> 
     </span>
     <span class='ocr_line' id='line_1_24' title="bbox 48 1714 1656 1786; baseline -0.002 -15"><span class='ocrx_word' id='word_1_166' title='bbox 48 1720 213 1771; x_wconf 83' lang='lat' dir='ltr'><strong>inter</strong></span> <span class='ocrx_word' id='word_1_167' title='bbox 254 1717 553 1784; x_wconf 82' lang='lat' dir='ltr'><strong>Cycladas,</strong></span> <span class='ocrx_word' id='word_1_168' title='bbox 591 1715 938 1786; x_wconf 74' lang='lat' dir='ltr'><strong>Olympiadis</strong></span> <span class='ocrx_word' id='word_1_169' title='bbox 981 1714 1234 1768; x_wconf 83' lang='lat' dir='ltr'>CXXXV</span> <span class='ocrx_word' id='word_1_170' title='bbox 1254 1730 1397 1766; x_wconf 91' lang='lat' dir='ltr'><strong>anno</strong></span> <span class='ocrx_word' id='word_1_171' title='bbox 1439 1724 1656 1780; x_wconf 88' lang='lat' dir='ltr'><strong>quarto,</strong></span> 
     </span>
     <span class='ocr_line' id='line_1_25' title="bbox 52 1783 1660 1848; baseline -0.002 -9"><span class='ocrx_word' id='word_1_172' title='bbox 52 1785 252 1839; x_wconf 82' lang='lat' dir='ltr'><strong>Thera</strong></span> <span class='ocrx_word' id='word_1_173' title='bbox 272 1792 329 1837; x_wconf 88' lang='lat' dir='ltr'><strong>et</strong></span> <span class='ocrx_word' id='word_1_174' title='bbox 350 1786 638 1840; x_wconf 84' lang='lat' dir='ltr'><strong>Therasia.</strong></span> <span class='ocrx_word' id='word_1_175' title='bbox 682 1788 832 1837; x_wconf 85' lang='lat' dir='ltr'><strong>Inter</strong></span> <span class='ocrx_word' id='word_1_176' title='bbox 872 1784 1090 1836; x_wconf 87' lang='lat' dir='ltr'><strong>easdem</strong></span> <span class='ocrx_word' id='word_1_177' title='bbox 1116 1789 1240 1848; x_wconf 86' lang='lat' dir='ltr'><strong>post</strong></span> <span class='ocrx_word' id='word_1_178' title='bbox 1265 1796 1435 1833; x_wconf 86' lang='lat' dir='ltr'><strong>annos</strong></span> <span class='ocrx_word' id='word_1_179' title='bbox 1457 1783 1660 1836; x_wconf 83' lang='lat' dir='ltr'>CXXX</span> 
     </span>
     <span class='ocr_line' id='line_1_26' title="bbox 53 1850 1656 1922; baseline -0.004 -13"><span class='ocrx_word' id='word_1_180' title='bbox 53 1854 261 1917; x_wconf 75' lang='lat' dir='ltr'><strong>Hiera,</strong></span> <span class='ocrx_word' id='word_1_181' title='bbox 299 1854 597 1922; x_wconf 81' lang='lat' dir='ltr'><strong>eademque</strong></span> <span class='ocrx_word' id='word_1_182' title='bbox 616 1857 928 1907; x_wconf 78' lang='lat' dir='ltr'><strong>Automate.</strong></span> <span class='ocrx_word' id='word_1_183' title='bbox 984 1855 1061 1904; x_wconf 85' lang='lat' dir='ltr'><strong>Et</strong></span> <span class='ocrx_word' id='word_1_184' title='bbox 1100 1853 1167 1902; x_wconf 89' lang='lat' dir='ltr'><strong>ab</strong></span> <span class='ocrx_word' id='word_1_185' title='bbox 1209 1850 1423 1903; x_wconf 86' lang='lat' dir='ltr'><strong>duobus</strong></span> <span class='ocrx_word' id='word_1_186' title='bbox 1458 1851 1656 1903; x_wconf 80' lang='lat' dir='ltr'><strong>stadiis</strong></span> 
     </span>
     <span class='ocr_line' id='line_1_27' title="bbox 52 1917 1659 1991; baseline -0.002 -18"><span class='ocrx_word' id='word_1_187' title='bbox 52 1930 191 1991; x_wconf 88' lang='lat' dir='ltr'><strong>post</strong></span> <span class='ocrx_word' id='word_1_188' title='bbox 228 1938 399 1988; x_wconf 76' lang='lat' dir='ltr'><strong>annos</strong></span> <span class='ocrx_word' id='word_1_189' title='bbox 439 1925 535 1976; x_wconf 82' lang='lat' dir='ltr'><strong>CX</strong></span> <span class='ocrx_word' id='word_1_190' title='bbox 570 1927 625 1974; x_wconf 91' lang='lat' dir='ltr'><strong>in</strong></span> <span class='ocrx_word' id='word_1_191' title='bbox 650 1929 841 1974; x_wconf 83' lang='lat' dir='ltr'><strong>nostro</strong></span> <span class='ocrx_word' id='word_1_192' title='bbox 866 1935 1023 1982; x_wconf 81' lang='lat' dir='ltr'><strong>aevo,</strong></span> <span class='ocrx_word' id='word_1_193' title='bbox 1063 1921 1141 1972; x_wconf 83' lang='lat' dir='ltr'><strong>M.</strong></span> <span class='ocrx_word' id='word_1_194' title='bbox 1164 1920 1318 1970; x_wconf 89' lang='lat' dir='ltr'><strong>Iunio</strong></span> <span class='ocrx_word' id='word_1_195' title='bbox 1344 1918 1554 1980; x_wconf 84' lang='lat' dir='ltr'><strong>Silano,</strong></span> <span class='ocrx_word' id='word_1_196' title='bbox 1592 1917 1659 1970; x_wconf 67' lang='lat'><strong>1,</strong></span> 
     </span>
     <span class='ocr_line' id='line_1_28' title="bbox 50 1987 1661 2053; baseline -0.002 -9"><span class='ocrx_word' id='word_1_197' title='bbox 50 1990 240 2044; x_wconf 88' lang='lat' dir='ltr'><strong>Balbo</strong></span> <span class='ocrx_word' id='word_1_198' title='bbox 272 1992 430 2044; x_wconf 85' lang='lat' dir='ltr'><strong>coss.</strong></span> <span class='ocrx_word' id='word_1_199' title='bbox 452 2008 503 2043; x_wconf 91' lang='lat' dir='ltr'><strong>a.</strong></span> <span class='ocrx_word' id='word_1_200' title='bbox 528 1993 579 2043; x_wconf 88' lang='lat' dir='ltr'><strong>d.</strong></span> <span class='ocrx_word' id='word_1_201' title='bbox 604 1990 727 2044; x_wconf 90' lang='lat' dir='ltr'>v111</span> <span class='ocrx_word' id='word_1_202' title='bbox 753 1991 882 2043; x_wconf 87' lang='lat' dir='ltr'><strong>Idus</strong></span> <span class='ocrx_word' id='word_1_203' title='bbox 906 1990 1094 2053; x_wconf 85' lang='lat' dir='ltr'><strong>Iulias,</strong></span> <span class='ocrx_word' id='word_1_204' title='bbox 1118 1987 1283 2040; x_wconf 86' lang='lat' dir='ltr'><strong>Thia.</strong></span> <span class='ocrx_word' id='word_1_205' title='bbox 1318 1990 1457 2040; x_wconf 86' lang='lat' dir='ltr'><strong>Ante</strong></span> <span class='ocrx_word' id='word_1_206' title='bbox 1480 2001 1580 2038; x_wconf 91' lang='lat' dir='ltr'><strong>nos</strong></span> <span class='ocrx_word' id='word_1_207' title='bbox 1599 1994 1661 2040; x_wconf 79' lang='lat' dir='ltr'><strong>et</strong></span> 
     </span>
     <span class='ocr_line' id='line_1_29' title="bbox 49 2056 1655 2120; baseline -0.003 -9"><span class='ocrx_word' id='word_1_208' title='bbox 49 2061 226 2113; x_wconf 81' lang='lat' dir='ltr'><strong>iuxta</strong></span> <span class='ocrx_word' id='word_1_209' title='bbox 242 2060 464 2112; x_wconf 87' lang='lat' dir='ltr'><strong>Italiam</strong></span> <span class='ocrx_word' id='word_1_210' title='bbox 483 2062 633 2112; x_wconf 82' lang='lat' dir='ltr'><strong>inter</strong></span> <span class='ocrx_word' id='word_1_211' title='bbox 650 2061 872 2112; x_wconf 84' lang='lat' dir='ltr'><strong>Aeolias</strong></span> <span class='ocrx_word' id='word_1_212' title='bbox 893 2059 1136 2120; x_wconf 82' lang='lat' dir='ltr'><strong>insulas,</strong></span> <span class='ocrx_word' id='word_1_213' title='bbox 1174 2060 1304 2109; x_wconf 90' lang='lat' dir='ltr'><strong>item</strong></span> <span class='ocrx_word' id='word_1_214' title='bbox 1345 2056 1503 2107; x_wconf 86' lang='lat' dir='ltr'><strong>iuxta</strong></span> <span class='ocrx_word' id='word_1_215' title='bbox 1524 2056 1655 2107; x_wconf 84' lang='lat' dir='ltr'><strong>Cre-</strong></span> 
     </span>
     <span class='ocr_line' id='line_1_30' title="bbox 49 2123 1657 2194; baseline -0.004 -14"><span class='ocrx_word' id='word_1_216' title='bbox 49 2135 172 2180; x_wconf 86' lang='lat' dir='ltr'><strong>tam</strong></span> <span class='ocrx_word' id='word_1_217' title='bbox 196 2130 435 2186; x_wconf 83' lang='lat' dir='ltr'><strong>emersit</strong></span> <span class='ocrx_word' id='word_1_218' title='bbox 458 2144 489 2181; x_wconf 89' lang='lat' dir='ltr'><strong>e</strong></span> <span class='ocrx_word' id='word_1_219' title='bbox 508 2130 652 2182; x_wconf 82' lang='lat' dir='ltr'><strong>mari</strong></span> <span class='ocrx_word' id='word_1_220' title='bbox 672 2129 846 2180; x_wconf 83' lang='lat' dir='ltr'><strong>MMD</strong></span> <span class='ocrx_word' id='word_1_221' title='bbox 879 2141 1141 2194; x_wconf 79' lang='lat' dir='ltr'><strong>passuum</strong></span> <span class='ocrx_word' id='word_1_222' title='bbox 1182 2139 1294 2177; x_wconf 85' lang='lat' dir='ltr'><strong>una</strong></span> <span class='ocrx_word' id='word_1_223' title='bbox 1315 2140 1436 2175; x_wconf 91' lang='lat' dir='ltr'><strong>cum</strong></span> <span class='ocrx_word' id='word_1_224' title='bbox 1461 2123 1657 2175; x_wconf 81' lang='lat' dir='ltr'><strong>calidis</strong></span> 
     </span>
     <span class='ocr_line' id='line_1_31' title="bbox 47 2193 1657 2266; baseline -0.003 -18"><span class='ocrx_word' id='word_1_225' title='bbox 47 2196 310 2248; x_wconf 78' lang='lat' dir='ltr'><strong>fontibus</strong></span> <span class='ocrx_word' id='word_1_226' title='bbox 335 2214 349 2246; x_wconf 75' lang='lat' dir='ltr'>z</span> <span class='ocrx_word' id='word_1_227' title='bbox 396 2197 577 2250; x_wconf 89' lang='lat' dir='ltr'><strong>altera</strong></span> <span class='ocrx_word' id='word_1_228' title='bbox 597 2197 943 2266; x_wconf 78' lang='lat' dir='ltr'><strong>Olympiadis</strong></span> <span class='ocrx_word' id='word_1_229' title='bbox 967 2193 1190 2247; x_wconf 70' lang='lat' dir='ltr'><strong>chxln</strong></span> <span class='ocrx_word' id='word_1_230' title='bbox 1212 2208 1353 2246; x_wconf 84' lang='lat' dir='ltr'><strong>anno</strong></span> <span class='ocrx_word' id='word_1_231' title='bbox 1375 2193 1562 2252; x_wconf 85' lang='lat' dir='ltr'><strong>tertio,</strong></span> <span class='ocrx_word' id='word_1_232' title='bbox 1598 2193 1657 2243; x_wconf 91' lang='lat' dir='ltr'><strong>in</strong></span> 
     </span>
     <span class='ocr_line' id='line_1_32' title="bbox 49 2260 1656 2334; baseline -0.004 -18"><span class='ocrx_word' id='word_1_233' title='bbox 49 2266 252 2317; x_wconf 80' lang='lat' dir='ltr'><strong>Tusco</strong></span> <span class='ocrx_word' id='word_1_234' title='bbox 274 2264 432 2329; x_wconf 80' lang='lat' dir='ltr'><strong>sinu3</strong></span> <span class='ocrx_word' id='word_1_235' title='bbox 466 2264 713 2334; x_wconf 79' lang='lat' dir='ltr'><strong>flagrans</strong></span> <span class='ocrx_word' id='word_1_236' title='bbox 744 2264 881 2316; x_wconf 86' lang='lat' dir='ltr'><strong>haec</strong></span> <span class='ocrx_word' id='word_1_237' title='bbox 919 2265 1165 2316; x_wconf 83' lang='lat' dir='ltr'><strong>violento</strong></span> <span class='ocrx_word' id='word_1_238' title='bbox 1188 2279 1311 2315; x_wconf 90' lang='lat' dir='ltr'><strong>cum</strong></span> <span class='ocrx_word' id='word_1_239' title='bbox 1334 2260 1487 2313; x_wconf 84' lang='lat' dir='ltr'><strong>flatu.</strong></span> <span class='ocrx_word' id='word_1_240' title='bbox 1522 2261 1656 2311; x_wconf 86' lang='lat' dir='ltr'><strong>Pro·</strong></span> 
     </span>
     <span class='ocr_line' id='line_1_33' title="bbox 52 2329 1712 2401; baseline -0.006 -16"><span class='ocrx_word' id='word_1_241' title='bbox 52 2333 327 2401; x_wconf 77' lang='lat' dir='ltr'><strong>diturque</strong></span> <span class='ocrx_word' id='word_1_242' title='bbox 349 2336 664 2397; x_wconf 77' lang='lat' dir='ltr'><strong>memoriae,</strong></span> <span class='ocrx_word' id='word_1_243' title='bbox 699 2347 901 2399; x_wconf 83' lang='lat' dir='ltr'><strong>magna</strong></span> <span class='ocrx_word' id='word_1_244' title='bbox 941 2334 1089 2383; x_wconf 87' lang='lat' dir='ltr'><strong>circa</strong></span> <span class='ocrx_word' id='word_1_245' title='bbox 1124 2332 1279 2383; x_wconf 84' lang='lat' dir='ltr'><strong>illam</strong></span> <span class='ocrx_word' id='word_1_246' title='bbox 1302 2329 1659 2384; x_wconf 89' lang='lat' dir='ltr'><strong>multitudine</strong></span> <span class='ocrx_word' id='word_1_247' title='bbox 1709 2365 1712 2374; x_wconf 92' lang='lat'>.</span> 
     </span>
    </p>

    <p class='ocr_par' dir='ltr' id='par_1_4' title="bbox 41 2400 1680 2676">
     <span class='ocr_line' id='line_1_34' title="bbox 84 2400 1680 2468; baseline -0.003 -16"><span class='ocrx_word' id='word_1_248' title='bbox 84 2400 297 2453; x_wconf 85' lang='lat' dir='ltr'><strong>iscium</strong></span> <span class='ocrx_word' id='word_1_249' title='bbox 332 2400 604 2466; x_wconf 76' lang='lat' dir='ltr'><strong>fluitante,</strong></span> <span class='ocrx_word' id='word_1_250' title='bbox 645 2401 939 2454; x_wconf 82' lang='lat' dir='ltr'><strong>confestim</strong></span> <span class='ocrx_word' id='word_1_251' title='bbox 973 2400 1314 2466; x_wconf 78' lang='lat' dir='ltr'><strong>exspirasse,</strong></span> <span class='ocrx_word' id='word_1_252' title='bbox 1355 2401 1549 2468; x_wconf 87' lang='lat' dir='ltr'><strong>quibus</strong></span> <span class='ocrx_word' id='word_1_253' title='bbox 1590 2412 1680 2449; x_wconf 60' lang='lat' dir='ltr'><strong>ex»</strong></span> 
     </span>
     <span class='ocr_line' id='line_1_35' title="bbox 88 2465 1668 2538; baseline -0.007 -12"><span class='ocrx_word' id='word_1_254' title='bbox 88 2470 143 2526; x_wconf 66' lang='lat' dir='ltr'><strong>io</strong></span> <span class='ocrx_word' id='word_1_255' title='bbox 168 2470 333 2522; x_wconf 84' lang='lat' dir='ltr'><strong>cibus</strong></span> <span class='ocrx_word' id='word_1_256' title='bbox 365 2470 582 2524; x_wconf 76' lang='lat' dir='ltr'><strong>fuisset.</strong></span> <span class='ocrx_word' id='word_1_257' title='bbox 640 2470 743 2538; x_wconf 15' lang='lat' dir='ltr'><strong>Sic,</strong></span> <span class='ocrx_word' id='word_1_258' title='bbox 756 2476 813 2522; x_wconf 91' lang='lat' dir='ltr'><strong>et</strong></span> <span class='ocrx_word' id='word_1_259' title='bbox 834 2467 1156 2520; x_wconf 81' lang='lat' dir='ltr'><strong>Pithecusas</strong></span> <span class='ocrx_word' id='word_1_260' title='bbox 1182 2469 1240 2518; x_wconf 92' lang='lat' dir='ltr'><strong>in</strong></span> <span class='ocrx_word' id='word_1_261' title='bbox 1271 2471 1550 2535; x_wconf 86' lang='lat' dir='ltr'><strong>Campano</strong></span> <span class='ocrx_word' id='word_1_262' title='bbox 1586 2465 1668 2516; x_wconf 89' lang='lat' dir='ltr'><strong>si·-</strong></span> 
     </span>
     <span class='ocr_line' id='line_1_36' title="bbox 41 2536 1657 2602; baseline -0.004 -11"><span class='ocrx_word' id='word_1_263' title='bbox 41 2554 118 2591; x_wconf 82' lang='lat' dir='ltr'><strong>nu</strong></span> <span class='ocrx_word' id='word_1_264' title='bbox 160 2538 355 2591; x_wconf 74' lang='lat' dir='ltr'><strong>ferunt</strong></span> <span class='ocrx_word' id='word_1_265' title='bbox 381 2548 555 2594; x_wconf 88' lang='lat' dir='ltr'><strong>ortas.</strong></span> <span class='ocrx_word' id='word_1_266' title='bbox 611 2540 749 2592; x_wconf 78' lang='lat' dir='ltr'><strong>Mox&#39;</strong></span> <span class='ocrx_word' id='word_1_267' title='bbox 770 2540 828 2589; x_wconf 88' lang='lat' dir='ltr'><strong>in</strong></span> <span class='ocrx_word' id='word_1_268' title='bbox 863 2537 948 2588; x_wconf 91' lang='lat' dir='ltr'><strong>his</strong></span> <span class='ocrx_word' id='word_1_269' title='bbox 965 2539 1211 2587; x_wconf 76' lang='lat' dir='ltr'><strong>&#39;montem</strong></span> <span class='ocrx_word' id='word_1_270' title='bbox 1237 2536 1498 2602; x_wconf 85' lang='lat' dir='ltr'><strong>Epopon,</strong></span> <span class='ocrx_word' id='word_1_271' title='bbox 1538 2549 1657 2586; x_wconf 92' lang='lat' dir='ltr'><strong>cum</strong></span> 
     </span>
     <span class='ocr_line' id='line_1_37' title="bbox 46 2603 1652 2676; baseline -0.004 -16"><span class='ocrx_word' id='word_1_272' title='bbox 46 2614 293 2676; x_wconf 80' lang='lat' dir='ltr'><strong>repente</strong></span> <span class='ocrx_word' id='word_1_273' title='bbox 328 2603 551 2662; x_wconf 82' lang='lat' dir='ltr'><strong>flamma</strong></span> <span class='ocrx_word' id='word_1_274' title='bbox 571 2622 640 2661; x_wconf 85' lang='lat' dir='ltr'><strong>ex</strong></span> <span class='ocrx_word' id='word_1_275' title='bbox 671 2622 736 2662; x_wconf 86' lang='lat' dir='ltr'><strong>eo</strong></span> <span class='ocrx_word' id='word_1_276' title='bbox 759 2606 1096 2669; x_wconf 84' lang='lat' dir='ltr'><strong>emicuisset,</strong></span> <span class='ocrx_word' id='word_1_277' title='bbox 1136 2605 1431 2672; x_wconf 87' lang='lat' dir='ltr'><strong>campestri</strong></span> <span class='ocrx_word' id='word_1_278' title='bbox 1457 2617 1652 2672; x_wconf 83' lang='lat' dir='ltr'><strong>aequa-</strong></span> 
     </span>
    </p>
   </div>
   <div class='ocr_carea' id='block_1_4' title="bbox 1577 2797 1614 2836">
    <p class='ocr_par' dir='ltr' id='par_1_5' title="bbox 1577 2797 1614 2836">
     <span class='ocr_line' id='line_1_38' title="bbox 1577 2797 1614 2836; baseline 0 0"><span class='ocrx_word' id='word_1_279' title='bbox 1577 2797 1614 2836; x_wconf 78' lang='lat' dir='ltr'><em>l</em></span> 
     </span>
    </p>
   </div>
  </div>
 </body>
</html>
