2009 3025
306 130 411 187 ³92
682 129 746 183 G.
800 126 1086 183 PL1N11
1142 125 1518 184 SECUNm

303 235 457 288 fumo
481 236 537 287 et
557 232 675 286 sale
699 204 915 284 duratis
933 231 991 283 in
1012 245 1199 285 annua
1221 232 1514 287 alimentaz
1539 233 1583 288 ii
1602 234 1920 309 quadrage.

303 305 506 357 simum
528 316 730 354 annum
753 302 903 354 vitae
922 316 1032 353 non
1055 301 1350 355 excedunt.
1543 322 1552 325 *

373 369 704 439 Aethiopum
726 376 937 423 terram
956 370 1273 423 universam
1294 386 1414 423 cum
1438 372 1585 425 mari
1600 371 1802 426 Rubro
1825 390 1917 442 pa·

302 449 426 496 tere
456 442 515 494 in
550 439 956 507 longitudinem
992 439 1262 492 semel-et
1280 440 1453 494 vicies
1489 448 1730 496 centena
1756 443 1916 498 Lxx
1989 466 1990 471 ¹

304 511 448 564 mill.
472 523 761 575 passuum:
798 507 861 559 in
878 508 1234 561 latitudinem
1261 524 1383 560 cum
1414 511 1710 577 superiore
1732 512 1916 580 Aegy·

302 586 404 648 pto
427 578 728 630 duodecies
748 582 983 630 centena
999 575 1228 629 xcvm
1245 578 1328 630 M.
1364 579 1612 646 Agrippa
1631 582 1916 634 existima·

303 651 404 700 vit.
477 646 719 710 Quidam
741 645 1150 715 longitudinem
1172 646 1262 697 ita
1280 645 1619 709 divisa-unta
1662 664 1702 700 a
1721 650 1915 702 Meroe

304 717 576 771 Sirbitum
590 750 613 779 ,
651 715 765 783 xllx
778 714 989 768 dierum
1012 714 1450 782 navigationem.
1521 718 1605 769 Ab
1627 732 1698 769 ea
1717 717 1825 769 ΧΠ
1844 717 1914 769 ad

256 822 271 831 -
301 786 595 841 Davellos.
662 784 746 836 Ab
773 784 845 836 iis
875 784 947 837 ad
971 797 1237 836 oceanum
1258 783 1648 851 Aethiopicum
1667 801 1775 839 sex
1796 787 1911 839 dis·

301 870 428 908 rum
467 856 599 906 iter.
667 853 731 904 In
767 858 950 905 totum
990 856 1179 903 autem
1219 853 1291 903 ab
1323 866 1533 905 oceano
1574 854 1653 905 ad
1679 855 1912 919 Meroen

302 923 566 977 Dcxxv
586 921 665 973 M.
686 932 952 988 passuum
973 935 1099 972 esse
1117 920 1270 971 inter
1286 928 1546 974 auctores
1568 922 1692 975 fere
1715 938 1909 976 conve-

1981 160 1989 219 l

301 993 415 1045 nit:
438 991 569 1044 inde
586 989 828 1059 Syenen,
843 995 1111 1056 quantum
1130 989 1389 1042 diximus.
1436 989 1559 1042 Sita
1567 982 1669 1043 ‘est
1688 992 1914 1045 Aethio·
1995 1022 1996 1049 ι

304 1063 403 1129 pia
422 1062 495 1114 ab
514 1059 735 1113 oriente
754 1058 987 1112 hiberno
1004 1057 1080 1110 ad
1099 1058 1446 1111 occidentem
1465 1058 1777 1112 hibernum.
1798 1061 1913 1141 Mo-
1995 1060 1996 1107 l

304 1129 527 1182 ridiano
549 1127 777 1181 cardine
795 1128 977 1181 silvae
988 1129 1166 1181 ebeno
1183 1128 1428 1180 maxime
1442 1128 1652 1181 virent=
1673 1145 1711 1181 a
1729 1130 1911 1182 medin

307 1198 432 1252 eius
449 1201 608 1263 parte
627 1197 917 1249 imminens
937 1198 1082 1251 mari
1100 1212 1262 1249 mons
1280 1197 1552 1259 excelsus,
1571 1200 1816 1251 aeternis
1829 1213 1913 1251 ar·

308 1266 405 1319 det
426 1265 669 1332 ignibus,
689 1263 884 1317 Theon
898 1264 1135 1319 ochema
1153 1266 1342 1317 dietus
1352 1265 1582 1319 Graecis
1594 1284 1614 1318 τ
1635 1282 1674 1318 a
1687 1281 1795 1334 quo
1819 1282 1913 1318 na-

303 1335 525 1403 vigatio
545 1334 831 1402 quatridui
848 1333 921 1386 ad
942 1334 1404 1401 promontorium,
1427 1335 1577 1401 quod
1596 1336 1915 1402 Hesperion

304 1419 463 1458 ceras
502 1408 761 1465 vocatur,
799 1405 1013 1455 confine
1031 1402 1258 1455 Africae
1284 1405 1446 1455 iuxta
1472 1402 1781 1471 Aethiopas
1800 1405 1916 1457 He·

305 1473 541 1543 sperios.
562 1471 799 1537 Quidam
814 1473 951 1525 et‘in
973 1487 1041 1526 eo
1064 1478 1247 1525 tractu
1267 1472 1714 1526 modicos.colles
1731 1487 1916 1528 amoe-

301 1559 378 1596 na
399 1544 681 1612 opacitate
711 1543 947 1596 vestitos
966 1541 1309 1611 Aegipanum
1332 1540 1773 1612 satyrorumque
1790 1546 1921 1611 p‘ro-

304 1613 467 1665 dunt.
1381 1653 1390 1660 .

372 1681 633 1736 xxxvl.
668 1678 884 1733 Insulas
906 1684 1034 1733 toto
1056 1693 1124 1731 eo
1142 1679 1286 1732 mari
1306 1685 1364 1733 et
1383 1679 1643 1747 Ephorus
1666 1681 1918 1749 complu-

214 1737 219 1740 ⁷
302 1766 394 1803 res
415 1765 536 1803 esse
556 1749 814 1813 tradidit,
848 1751 913 1803 *et
932 1748 1215 1810 Eudoxus,
1257 1755 1315 1800 et
1336 1748 1763 1803 Timosthenes:
1806 1751 1916 1803 Cli·

302 1818 539 1871 tarchus
555 1834 690 1872 vero
706 1817 1024 1871 Alexandro
1053 1818 1176 1884 regi
1206 1820 1584 1871 renuntiatam
1609 1819 1752 1872 adeo
1777 1819 1917 1872 divi-

301 1895 434 1953 tem,
454 1894 518 1939 ut
538 1902 708 1955 equos
727 1888 946 1940 incolae
965 1885 1200 1939 talentis
1219 1887 1344 1939 auri
1361 1893 1768 1953 permutarent.
1823 1889 1916 1941 Al·

298 1959 505 2015 teram,
545 1956 646 2005 ubi
676 1970 842 2009 sacer
865 1968 1029 2008 mons
1061 1968 1094 2010 o
1136 1969 1263 2008 acus
1296 1955 1442 2008 silva
1461 1962 1720 2024 repertus
1741 1965 1917 2022 esset,

300 2023 698 2076 distillantibus
721 2022 1015 2076 arboribus
1037 2037 1070 2072 o
1112 2033 1206 2073 ore
1226 2024 1403 2075 mIrae
1424 2025 1738 2077 suavitatis.
1774 2028 1917 2078 Con·

298 2099 389 2144 tra
408 2091 588 2142 sinum
608 2090 890 2142 Persicum
914 2091 1090 2143 Cerne
1120 2090 1441 2158 nominatur
1469 2092 1653 2143 insula
1671 2093 1917 2150 adversa

298 2159 640 2225 Aethiopiae,
679 2158 834 2211 cuius
852 2173 1031 2225 neque
1050 2158 1393 2224 magnitudo,
1430 2174 1613 2226 neque
1633 2159 1914 2218 interval!-

298 2229 415 2279 lum
441 2242 476 2278 a
495 2227 817 2282 continente
833 2232 1073 2291 constat,
1101 2226 1408 2294 Aethiopas
1425 2232 1640 2280 tantum
1666 2233 1916 2297 populos

298 2294 504 2348 habere
526 2295 799 2363 proditur.
869 2294 1125 2362 Ephorus
1147 2301 1344 2348 auctor
1364 2300 1465 2359 est,
1492 2312 1527 2348 a
1548 2297 1742 2350 Rubro
1763 2302 1916 2353 mari

296 2365 620 2431 navigantes
661 2364 722 2414 in
758 2377 880 2414 eam
900 2377 1013 2413 non
1047 2376 1211 2430 posse
1233 2371 1464 2432 propter
1501 2364 1740 2420 ardores
1755 2368 1917 2421 ultra

296 2433 560 2499 quasdam
584 2432 868 2484 columnas
905 2431 1016 2493 (itar
1046 2423 1403 2498 appellantur
1431 2437 1636 2500 parvde
1659 2436 1914 2501 insulae)

293 2499 543 2564 provehi.
610 2498 883 2567 Polybius
929 2501 986 2550 in
1034 2505 1285 2552 extrema
1321 2501 1669 2557 Mauritania
1706 2513 1913 2560 eontra

293 2574 536 2619 montem
553 2568 831 2619 Atlantem
852 2581 886 2617 a
904 2574 1059 2620 terra
1076 2567 1262 2620 stadia
1282 2575 1414 2622 octo
1433 2572 1631 2625 abesse
1652 2574 1912 2640 prodidit

293 2635 521 2687 Cernen.
545 2634 734 2702 Nepos
757 2636 1049 2689 Cornelius
1070 2650 1139 2691 ex
1159 2637 1393 2691 adverso
1416 2640 1656 2695 maxime
1670 2642 1907 2695 cartha·

1993 1661 2001 1990 4
