2009 3025
228 187 239 193 ·
318 170 424 243 ³36
704 180 765 238 c.
811 182 1087 238 PL1N11
1137 181 1509 238 suenum

318 297 377 344 et
398 293 663 358 quatuor,
702 293 836 341 ante
854 286 1299 354 promontorium
1340 301 1409 339 ex
1427 288 1436 301 “
1452 286 1693 346 adverso
1717 287 1927 357 Syriae,

318 359 540 413 elides:
582 372 883 424 rursusque
916 358 987 408 ab
1023 355 1202 409 altero
1246 357 1429 424 capite
1450 357 1644 410 Stiria.
1722 362 1930 413 Contra

318 425 737 496 Neampaphum
776 427 1133 494 Hierocepia.
1202 427 1411 478 Contra
1449 425 1742 479 Salamina
1773 427 1929 481 Sala·

317 512 543 553 nunnae.

386 567 450 618 ln
471 565 649 634 Lycio
671 569 855 617 autem
877 563 1020 615 inari
1040 562 1252 632 Illyris,
1271 562 1573 625 Telendos,
1608 563 1928 618 Attelebus·

318 650 400 700 sa,
424 634 661 703 Cypriae
684 640 796 686 tres
820 632 1059 697 steriles,
1101 639 1160 685 et
1179 633 1466 701 Dionysia,
1507 632 1667 699 prius
1688 633 1934 687 Caretha

318 705 485 758 dicta.
554 702 774 756 Deinde
794 708 991 755 contra
1014 704 1190 755 Tauri
1222 703 1666 768 promontorium
1701 703 1932 769 postire-⁶

314 788 414 829 rae
433 771 826 842 navigantibus
850 771 1214 824 Chelidoniae
1236 771 1489 825 totidem.
1561 773 1644 824 Ab
1691 772 1764 825 iis
1797 780 1930 825 ‘cum

315 842 519 913 oppido
542 842 832 905 Leucolla,
870 840 1118 909 Pactyae
1143 860 1158 892 ε
1195 840 1406 904 Lasia,
1428 838 1765 908 Nymphais‚
1809 841 1929 894 Ma-

315 915 444 976 cris,
465 912 741 982 Megisten,
782 911 935 963 cuius
958 912 1157 962 civitas
1181 910 1418 961 interiit.
1485 909 1708 963 Multae
1728 909 1926 964 deinde

311 981 609 1050 ignobiles.
682 980 789 1033 Sed
820 986 1016 1033 contra
1038 979 1379 1032 Chimaeram
1405 977 1753 1041 Dolichiste,
1799 979 1922 1032 Chi·

311 1050 614 1119 rogylium,
635 1050 985 1113 Crambussa,
1004 1047 1214 1116 Rhoge,
1238 1049 1500 1114 Euagora
1520 1045 1654 1099 Vm
1696 1049 1782 1099 Μ.
1801 1064 1922 1116 pas-

312 1133 493 1181 suum,
515 1118 839 1170 Daedaledn
863 1119 1021 1181 duae,
1062 1119 1282 1184 Cryeon
1303 1123 1435 1179 tres,
1478 1115 1791 1185 Strongyle
1808 1154 1827 1181 ,
1871 1124 1925 1169 et

314 1192 508 1241 contra
530 1184 763 1252 Sidyma
781 1185 1067 1249 Antiochi,
1088 1186 1468 1251 Glaucumque
1489 1199 1683 1239 versus
1705 1201 1919 1240 amnem

311 1253 555 1322 Lagusa,
574 1254 800 1316 Macris,
820 1253 1122 1321 Didymae,
1146 1255 1349 1315 Helbo,
1373 1254 1579 1320 Scope,
1621 1253 1828 1322 Aspis:
1864 1262 1918 1307 et

310 1324 372 1377 in
392 1339 500 1393 qua
523 1323 784 1390 oppidum
800 1323 1035 1387 interiit,
1051 1322 1378 1375 Telandria:
1401 1316 1774 1391 proximaque
1787 1327 1916 1378 cau·

254 1388 263 1399 ⁸
311 1408 385 1448 no
408 1392 721 1457 Rhodussa.
772 1436 786 1447 .
834 1398 861 1413 f
1561 1416 1568 1430 =

379 1462 629 1518 XXXVI.
654 1459 1158 1531 Sed-pulcherrima
1178 1465 1236 1514 et
1257 1459 1702 1528 liberathodos,
1728 1461 1921 1516 circul-

310 1541 376 1587 tu
397 1534 595 1587 CXXV
620 1533 757 1585 mill.
784 1547 1077 1600 passuum:
1123 1536 1223 1582 aut
1249 1531 1299 1582 si
1330 1529 1516 1596 potius
1539 1530 1765 1584 Isidoro
1809 1547 1921 1585 cre·

311 1603 512 1666 dimus,
532 1602 668 1654 Clll.
741 1602 1014 1653 Habitata
1032 1599 1277 1663 urbibus,
1301 1599 1758 1663 Lindo,Camiro,
1780 1600 1920 1668 laly·

310 1687 406 1736 so,
461 1687 604 1723 nunc
643 1670 858 1723 Rhodo.
948 1671 1143 1721 Distat
1183 1670 1254 1721 ab
1293 1666 1632 1720 Alexandria
1671 1670 1924 1738 Aegypti

307 1740 652 1796 DLxxvm
686 1741 770 1792 M.
811 1747 872 1791 ut
889 1739 1137 1791 Isidorus
1161 1738 1336 1791 tradit
1353 1756 1370 1788 ε
1411 1743 1475 1788 ut
1494 1738 1924 1805 Eratosthenes,

311 1811 668 1864 CCCCLXIX
710 1811 810 1872 M„
850 1815 915 1859 ut
952 1809 1258 1870 Mucianus,
1288 1807 1360 1870 D,
1391 1820 1425 1857 a
1449 1807 1638 1873 Cypro
1670 1807 1921 1863 chvt.

308 1881 573 1934 vocitata
592 1886 679 1933 est
698 1886 862 1931 antea
882 1877 1148 1944 Ophiusa,
1179 1876 1416 1944 Asteria,
1453 1876 1751 1936 Aethram,
1794 1878 1922 1929 Tri·
1993 1871 1994 1886 ¹

307 1949 519 2010 uacria,
544 1949 859 2015 corymbis,
882 1947 1169 2007 Poeeessa,
1182 1944 1454 2011 Atabyria
1473 1945 1544 1997 ab
1569 1960 1736 2014 rege:
1764 1946 1923 1998 dein·

306 2017 378 2072 de
398 2016 666 2079 Macaria,
687 2022 745 2068 et
766 2017 1017 2067 Oloessa.
1084 2013 1425 2066 Rhodiorum
1444 2013 1682 2080 insulae,
1703 2016 1916 2082 Carpa-

303 2086 461 2148 thus,
499 2099 638 2152 quae
661 2085 803 2136 mari
824 2100 1024 2150 nomen
1046 2082 1234 2136 dedit:
1277 2084 1466 2146 Casos,
1510 2082 1698 2138 Achne
1736 2084 1873 2136 olim
1895 2099 1914 2135 ε

303 2154 539 2223 Nisyros
561 2151 774 2204 distans
795 2154 865 2205 ab
888 2152 1198 2205 Gnido'Xll
1219 2151 1358 2203 mill.
1382 2151 1450 2214 D,
1480 2150 1802 2220 Porphyris
1821 2167 1919 2205 au·
1993 2189 1994 2196 κ

302 2228 399 2276 tea
416 2221 583 2273 dicta.
618 2224 691 2274 Et
711 2221 906 2274 eodem
928 2227 1114 2274 tractu
1135 2221 1318 2273 media
1339 2222 1485 2272 inter
1501 2221 1763 2274 Rhodum
1784 2221 1920 2275 Gui-
1993 2213 1994 2232 ¹

303 2288 747 2358 dumqueSyms.
820 2290 1078 2358 Cingitur
1106 2288 1368 2342 xxxvl!
1402 2290 1537 2341 mill.
1560 2291 1632 2343 D.
1704 2289 1919 2345 Portus

301 2359 533 2426 benigne
554 2360 781 2426 praebet
808 2365 954 2411 octo.
1029 2358 1261 2411 Praeter
1300 2358 1400 2411 has
1442 2358 1592 2412 circa
1631 2357 1919 2423 Rhodum,

300 2425 578 2494 Cyclopis,
600 2428 889 2496 Steganos,
910 2426 1240 2495 Cordylusa,
1258 2427 1530 2481 Diabetae
1551 2425 1650 2491 IV,
1659 2428 1918 2497 Hymos,

301 2494 503 2549 Chalce
523 2512 643 2548 curn
667 2494 891 2563 oppido,
912 2494 1188 2559 Seutlusa,
1211 2496 1576 2560 Narthecusa,
1595 2496 1920 2564 Dimastos,

300 2560 520 2631 Progne
541 2582 554 2616 ε
599 2572 656 2618 et
676 2579 710 2615 a
730 2562 931 2625 Gnido,
970 2567 1307 2628 Cisserussa‚
1346 2564 1762 2619 Therionarca:
1808 2570 1917 2622 Ca·

298 2629 466 2697 lydne
490 2647 613 2685 cum
632 2632 812 2684 tribus
833 2632 1068 2698 oppidis,
1088 2633 1282 2697 Notio,
1299 2634 1526 2703 Nisyro,
1543 2634 1882 2690 Mendetero
1895 2651 1914 2685 ε

296 2701 433 2753 etin
457 2702 770 2755 Arconneso
804 2701 1067 2768 oppidum
1089 2702 1369 2758 Ceramus.
1415 2703 1502 2755 ·1n
1543 2704 1746 2758 Can-iae
1790 2719 1912 2765 ora,
