2009 3025
294 117 400 172 m
691 121 750 173 G.
808 117 1084 173 PmNu
1140 113 1508 169 SECUNDI

294 220 589 291 superiore
609 220 770 275 labro
791 222 977 285 orbas,
996 219 1141 274 alias
1163 220 1286 273 sine
1305 220 1528 289 linguis.
1570 218 1712 272 Pars
1731 220 1910 287 etim

295 308 395 345 ore
423 298 683 344 concreto
705 298 764 345 et
781 292 1005 343 naribus
1024 307 1234 354 carens,
1255 305 1366 341 uno
1390 298 1605 341 tantum
1625 289 1910 345 foramine

292 363 489 429 apii-at,
533 366 836 429 potumque
881 360 1114 413 calamis
1146 374 1355 413 avenae
1395 358 1586 419 trahit,
1607 366 1692 409 -et
1723 374 1907 425 grana

294 430 544 482 eiusdem
587 443 796 483 avenae
837 436 1035 497 sponte
1058 428 1435 498 provenientis
1453 429 1522 479 ad
1548 430 1908 480 vescendum.

293 498 640 561 Quibusdam
675 513 777 566 pro
810 506 1068 561 sermone
1097 505 1263 550 nutus
1302 503 1598 563 motusque
1620 497 1907 548 membro·

290 582 417 620 rum
437 574 538 621 est.
569 568 908 630 Quibusdam
933 574 1062 620 ante
1085 568 1469 620 Ptolemaeum
1491 563 1798 617 Lathurum
1813 581 1909 625 ,re-

332 636 677 705 em‘Aegypti
703 637 724 689 i
766 643 933 690 notus
963 636 1075 687 fu‘t
1102 638 1288 688 ususi
1333 635 1502 688 nium.
1573 635 1821 696 Quidam
1845 643 1908 686 et

290 652 1503 777 {ggmaeorumgfflfr‘bmfffi‘ffifer
1522 703 1791 771 paludes,
1833 718 1907 755 ex

290 777 493 842 quibus
513 775 676 828 Nilus
696 777 960 829 oriretur.

359 845 425 897 ln
455 859 558 898 ora
578 851 787 907 autem,
824 847 920 898 ubi
944 844 1229 908 desiimus,
1268 841 1511 897 continui
1534 848 1772 904 monteS,
1810 857 1902 893 ar-

290 913 552 967 dentibus
572 915 781 967 similes
792 917 1020 967 ‘rubent-
1083 913 1450 983 Troglodytis
1472 919 1531 965 et
1553 913 1741 965 Rubro
1763 916 1910 967 nuri

291 998 331 1033 a
347 983 781 1036 Meroen-actus
800 987 978 1037 omnis
997 983 1392 1051 superponitur
1404 1000 1420 1033 e
1442 997 1478 1034 a
1490 981 1714 1047 Napata
1724 978 1912 1049 tridui}

290 1051 503 1104 itinere
524 1051 596 1103 ad
615 1053 862 1105 Rubrum
884 1054 1050 1117 litus,
1090 1068 1234 1120 aqua
1256 1051 1448 1118 pluvia
1473 1052 1544 1102 ad
1567 1065 1732 1101 usum
1755 1062 1906 1103 com-
1995 1084 1996 1097 2

289 1120 545 1185 pluribus
568 1121 709 1172 locis
743 1129 1021 1183 servatur,
1063 1121 1417 1173 fertilissima
1448 1120 1720 1189 regione,
1757 1133 1904 1185 quae
1995 1174 1996 1177 ,

289 1189 546 1249 interest,
568 1188 710 1239 auri.
741 1189 1026 1240 Ulteriora
1044 1190 1287 1253 Atabuli,
1307 1187 1642 1255 Aethiopum
1665 1203 1802 1255 gens
1824 1194 1905 1239 te-
1994 1184 1996 1217 ⁴

289 1261 407 1307 net.
479 1255 701 1309 Deinde
723 1263 918 1309 contra
938 1257 1174 1310 Meroen
1201 1256 1519 1325 Megabari,
1564 1271 1700 1322 quos
1718 1257 1901 1322 aliqui

290 1323 601 1375 Adiabaras
643 1325 998 1378 nominavere
1016 1363 1031 1389 ‚
1071 1326 1337 1393 oppidum
1377 1326 1584 1377 habent
1602 1325 1899 1391 Apollinis.

289 1390 428 1445 Pars
452 1408 639 1455 eorum
665 1393 969 1458 Nomades,
1013 1409 1154 1463 quae
1178 1393 1488 1461 elephantis
1510 1397 1776 1446 vescitur.
1817 1394 1907 1446 Ex

299 1463 534 1516 adverso
556 1462 615 1514 in
635 1463 859 1516 Africae
877 1469 1040 1531 parte
1061 1465 1356 1518 Macrobii.
1424 1464 1635 1516 Rursus
1655 1479 1691 1515 a
1709 1463 1906 1529 Mega-

290 1532 445 1584 baris
468 1534 795 1584 Memnones
815 1539 872 1584 et
895 1533 1134 1598 Davelli,
1157 1534 1484 1600 dierumque
1503 1534 1701 1600 viginti
1728 1534 1905 1584 inter·
1997 1595 1998 1600 Ἰ

290 1602 444 1653 vallo
465 1601 725 1653 Critensi.
788 1602 958 1654 -Ultra
986 1618 1085 1654 eos
1114 1601 1323 1665 Dochi,
1368 1602 1567 1655 deinde
1590 1602 1911 1669 Gymnetoe
1997 1607 1998 1616 ¹

292 1675 514 1737 semper
531 1672 685 1722 nudi.
756 1671 893 1722 Mox
912 1670 1184 1733 Anderae,
1216 1668 1512 1732 Mathitae‚
1547 1670 1907 1738 Mesagebes,

291 1741 638 1806 Hipporeae,
663 1739 772 1791 atri
794 1739 1000 1792 coloris
1020 1747 1143 1802 tota
1154 1755 1393 1808 corpora
1412 1740 1638 1791 rubrica
1656 1740 1911 1791 illinunt.

291 1813 365 1859 At
389 1824 456 1861 ex
479 1807 703 1860 Africae
730 1814 891 1876 parte
911 1808 1201 1861 Medimni.
1263 1808 1482 1860 Deinde
1503 1808 1792 1861 Nomades
1816 1824 1916 1874 cy·
1993 1833 1999 1900 Ι

288 1876 725 1942 nocephalorum
746 1878 899 1929 lacte
912 1878 1190 1940 viventes,
1230 1877 1394 1930 Olabi
1409 1912 1425 1940 ‚
1465 1877 1773 1942 syrbotae,
1809 1877 1914 1943 qui

241 1976 246 1981 -
288 1949 553 1997 octonum
573 1946 884 1997 cubitorum
907 1962 1032 1998 esse
1052 1947 1328 1999 dicuntur.
1685 1993 1692 2012 ,

359 2016 722 2066 Aristocreon
736 2012 1154 2080 Libyae'latere
1171 2030 1207 2067 a
1219 2014 1418 2066 Meroe
1431 2013 1701 2081 oppidum
1722 2014 1914 2066 Tolen
1997 2059 1998 2074 ,

292 2082 511 2135 dierum
543 2082 783 2148 quinque
814 2084 1015 2136 itinere
1035 2084 1227 2135 tradit.
1300 2084 1435 2136 lnde
1454 2083 1673 2136 dierum
1695 2081 1915 2137 duode-

290 2153 398 2202 cim
422 2150 567 2200 Esar
585 2151 984 2217 Aegyptiorum
1009 2154 1291 2219 oppidum,
1314 2155 1406 2219 qui
1429 2151 1918 2210 Psammetichum
1997 2151 1998 2160 ’

288 2219 557 2284 fugerint.
614 2218 674 2269 ln
700 2234 768 2272 eo
791 2221 1102 2287 produntur
1124 2222 1287 2273 annis
1308 2224 1575 2276 trecentis
1599 2220 1913 2277 habitasse.

292 2289 501 2345 Contra
522 2288 576 2346 in
591 2288 830 2340 Arabico
854 2291 1034 2341 latere
1045 2291 1237 2343 Daron
1262 2291 1525 2357 oppidum
1547 2306 1673 2346 esse
1685 2306 1913 2344 eorum.

289 2355 436 2406 Bion
460 2361 644 2407 autem
671 2355 851 2423 Sapen
872 2363 1056 2421 vocat,
1101 2359 1249 2426 quod
1270 2360 1371 2412 ille
1392 2355 1548 2422 Esar,
1578 2366 1636 2411 et
1658 2363 1784 2440 ipso
1807 2376 1913 2411 no-

287 2426 443 2475 mine
464 2424 702 2476 advenas
723 2428 806 2477 ait
822 2427 1149 2491 significari.
1203 2429 1384 2495 Caput
1406 2441 1596 2482 eorum
1615 2430 1672 2482 io
1693 2430 1913 2492 insula,

292 2490 662 2551 Sembobitin:
709 2500 766 2545 et
784 2496 1014 2545 tertium
1035 2497 1092 2546 in
1114 2498 1331 2559 Arabia,
1363 2496 1477 2550 Sai.
1508 2497 1661 2548 Inter
1678 2506 1913 2549 montes

291 2566 473 2610 autem
490 2555 560 2612 ‘et
576 2560 762 2612 Nilum
801 2560 1060 2630 Symbari
1094 2571 1253 2625 sunt,
1290 2561 1634 2631 Paluogges:
1674 2564 1736 2615 in
1767 2565 1912 2630 ipsis
1997 2577 1998 2582 ’

288 2640 422 2676 vero
440 2627 722 2680 montibus
744 2625 991 2681 Asachae
1014 2632 1212 2682 multis
1239 2634 1576 2692 nationibus.
1637 2632 1858 2686 Abesse
1879 2649 1915 2684 a
