2009 3025
146 126 156 131 ’
254 130 561 186 ΝΑΤΗΒ.
620 126 964 188 ΗῙδΤθΒ.
1036 128 1566 198 Lm.v1.21.22.
1639 135 1745 193 359

129 249 301 303 supra
320 234 563 298 Mandei,
582 234 762 297 Malli,
804 247 1038 302 quorum
1061 250 1222 288 mons
1239 236 1466 301 Mallus,
1506 241 1745 310 finisque

132 305 252 358 eius
271 310 485 355 tractus
506 309 590 356 est
615 304 855 372 Ganges.
940 321 951 325 ’
1274 328 1282 334 ·

198 373 376 425 xxn.
395 374 558 424 Hunc
579 374 678 424 alii
697 375 927 426 incertis
948 372 1221 437 fontibus,
1242 380 1306 427 ut
1323 375 1532 438 Nilum,
1552 378 1740 445 rigan-

44 450 47 495 !
125 449 352 508 temque
374 443 556 492 vicina
576 442 770 496 eodem
793 444 990 506 modo,
1032 443 1130 494 alii
1155 444 1516 511 in-Scythicis
1537 449 1740 499 monti·

42 566 43 569 ,
125 513 231 564 bus
253 512 409 562 nasci
429 511 705 564 dixerunt.
761 513 1000 563 lntluere
1025 515 1082 563 in
1108 529 1232 564 eum
1257 514 1385 565 xlx
1405 529 1613 566 amnes.
1650 516 1740 570 Ex

39 606 43 611 ·
123 581 200 631 iis
224 579 590 648 navigabiles,
632 588 856 649 praeter
896 583 1011 643 iam
1059 582 1257 649 dictos,
1302 583 1739 647 Condochatem,

123 649 540 710 Erannoboam,
578 652 914 717 Cosoagum,
958 650 1181 707 Senum.
1254 653 1366 702 Alii
1391 667 1511 702 cum
1536 669 1737 720 niagno

120 717 354 786 fragore
375 720 549 784 ipsius
570 722 761 770 statim
788 721 962 770 fontis
1002 735 1310 786 erumpere,
1351 721 1738 789 deiectumque
1769 750 1770 753 ¹

34 794 35 797 ’
120 802 222 855 per
243 789 536 853 scopulosa
556 796 611 838 et
632 789 894 854 abrupta,
934 789 1028 839 ubi
1053 791 1285 855 primum
1321 790 1519 841 molles
1562 792 1739 857 plaui-

119 857 229 908 ties
251 857 555 923 contingat,
578 857 633 907 in
658 859 892 924 quodam
914 858 1043 908 lacu
1068 857 1345 927 hospitari
1366 876 1377 909 ε
1401 858 1531 910 inde
1557 862 1738 913 lenem

119 924 315 987 fluere,
330 927 423 976 ubi
446 927 753 988 minimum,
774 927 895 977 Vlll
920 927 1099 977 millia
1123 941 1384 993 passuum
1408 928 1732 980 latitudinet

117 994 220 1046 ubi
260 996 554 1058 modicum,
597 996 905 1046 stadiorum
953 1003 1172 1047 centum
1197 1013 1210 1046 z
1272 997 1570 1049 altitudine
1607 992 1758 1053 nus·x

120 1072 286 1132 quam
311 1065 523 1115 minore
546 1080 809 1131 passuum
836 1064 955 1115 XX.
981 1065 1289 1116 novissima
1324 1073 1492 1132 gente
1515 1066 1736 1135 Ganga·

116 1132 306 1186 ridum
331 1134 685 1199 Calingarum
711 1152 723 1184 ε
766 1135 926 1201 regia
948 1135 1227 1186 Parthalis
1267 1142 1521 1187 vocatur.
1596 1124 1742 1203 Regi

115 1203 224 1255 Lx
242 1201 379 1254 mill.
403 1204 670 1269 peditum,
714 1205 928 1270 equites
952 1204 1124 1267 mille,
1170 1201 1454 1271 elephanti
1493 1204 1638 1257 DCC
1675 1208 1737 1257 in

114 1272 407 1344 procinctu
429 1273 702 1324 bellorum
728 1275 1017 1325 excubant.

126 1346 131 1351 ”
187 1341 443 1407 Namque
460 1343 577 1389 vita
598 1341 912 1391 mitioribus
933 1342 1151 1404 populis
1167 1341 1425 1393 Indorum
1446 1342 1738 1408 multipar-

114 1412 226 1463 tita
246 1411 491 1477 degitur.
563 1409 676 1461 Alii
713 1407 970 1459 tellurem
1020 1416 1297 1471 exercent,
1339 1412 1596 1463 militiam
1636 1412 1739 1464 alii

118 1485 440 1547 capessunt,
484 1487 699 1531 merces
735 1477 831 1527 alii
864 1491 992 1528 suas
1028 1476 1303 1529 evehunt:
1344 1493 1438 1531 res
1479 1478 1738 1545 publicas

117 1551 324 1618 optimi
345 1548 719 1613 ditissimique
739 1552 1071 1612 temperant,
1093 1547 1300 1597 iudicia
1320 1548 1577 1610 reddunt,
1590 1547 1760 1617 regi-'

114 1622 224 1673 bus
270 1612 535 1670 assident.
602 1617 875 1678 Quintum
914 1629 1092 1683 genus
1131 1615 1450 1667 celebratae
1492 1617 1635 1681 illic,
1678 1624 1739 1670 et

14 1711 17 1730 ι
115 1704 292 1757 prope
312 1688 370 1738 in
392 1687 934 1754 religionem‘versae
964 1682 1276 1750 sapientiae
1318 1683 1594 1748 deditum,
1635 1701 1735 1737 vo·

14 1817 17 1820 A
113 1758 373 1811 luntaria
392 1772 611 1822 semper
632 1760 814 1808 morte
834 1755 1003 1806 vitam
1025 1770 1263 1807 accenso
1297 1754 1451 1820 prius
1493 1769 1631 1822 rogo
1672 1757 1737 1807 fi-

14 1885 17 1888 ,
113 1828 224 1881 nit.
299 1827 474 1877 Unum
497 1840 664 1893 super
684 1823 823 1875 haec
842 1831 930 1876 est
951 1822 1298 1885 semiferum,
1318 1838 1384 1874 ac
1405 1821 1631 1890 plenum
1653 1826 1734 1876 la-

14 1901 17 1914 *
110 1897 275 1950 boris
296 1897 582 1957 immensi,
626 1902 684 1948 et
702 1910 811 1961 quo
835 1908 1004 1960 supra
1032 1893 1187 1944 dieta
1226 1893 1607 1956 continentur,
1648 1909 1738 1947 ve·

110 1967 291 2018 nandi
313 1963 631 2032 elephantes
655 1965 1043 2030 domandique.
1115 1963 1188 2014 lis
1213 1969 1392 2025 arant,
1433 1963 1504 2013 iis
1525 1961 1733 2014 vehun-

107 2043 231 2099 tur,
253 2033 390 2087 haec
412 2035 652 2085 maxime
676 2049 880 2085 novere
903 2033 1167 2099 pecuaria
1189 2050 1202 2082 τ
1243 2034 1312 2083 iis
1334 2032 1608 2096 militant,
1649 2031 1734 2083 ‹li-

107 2107 436 2171 micantque
457 2118 557 2170 pro
581 2104 801 2154 finibus.
871 2101 1162 2154 Deiectum
1184 2101 1244 2153 in
1264 2102 1433 2165 bella,
1469 2101 1635 2164 vires,
1676 2106 1737 2153 et

107 2179 293 2237 aetas,
311 2181 481 2240 atque
508 2171 835 2240 magnitudo
858 2171 1088 2223 faciunt.

184 2244 378 2295 Insula
398 2244 454 2293 in
480 2242 674 2310 Gange
698 2247 785 2294 est
810 2255 1041 2307 magnae
1083 2238 1468 2307 amplitudinis
1509 2244 1735 2306 gentem

108 2313 414 2366 continens
437 2309 622 2372 unani,
644 2310 1105 2376 Modogalingam
1128 2309 1372 2361 nomine.
1444 2308 1605 2372 Ultra
1634 2307 1736 2378 siti
1792 2307 1810 2316 '

99 2389 239 2434 sunt
260 2381 561 2441 Modubae,
603 2379 911 2440 Molindae,
951 2380 1169 2431 Uberae
1192 2393 1313 2428 cum
1339 2377 1544 2442 oppido
1583 2379 1726 2426 eius-

101 2453 235 2504 dem
259 2451 499 2503 nominis
522 2449 835 2517 magnifico,
878 2446 1292 2507 Galmodroesi,
1332 2443 1504 2504 Preti,
1548 2444 1724 2496 Calis-

98 2535 224 2581 sae,
249 2518 459 2580 Sasuri,
485 2519 763 2577 Passalae,
785 2516 1051 2575 Colubae,
1092 2514 1352 2576 Orxulae,
1393 2514 1575 2576 Abali,
1617 2516 1726 2566 Τει-

97 2590 311 2641 luctae.
383 2588 503 2639 Rex
526 2586 722 2636 borum
747 2583 995 2651 peditum
1039 2584 1087 2636 L
1134 2585 1212 2634 M.
1251 2584 1492 2651 equitum
1533 2582 1612 2635 lV
1643 2582 1723 2633 M.

98 2657 439 2727 elephantos
480 2655 755 2708 cccc‘in
800 2652 971 2706 armis
1011 2651 1195 2707 habet.
1267 2653 1528 2715 validior
1569 2652 1721 2704 deine

1209 2855 1235 2877 l
