2009 3025
324 136 637 192 NATUR.
705 138 1049 195 msron.
1122 142 1282 218 19¹ss-
1337 146 1380 198 1.
1586 146 1662 200 79

113 242 519 294 Erremus:
582 240 865 307 Hesiodo,
923 245 1257 310 Aristotele,
1321 248 1662 314 Democrito,

38 312 305 365 Hierone
323 308 740 378 rege,Archyta‚
759 314 954 366 Attalo
975 314 1355 370 Philometore
1377 334 1531 385 rege,
1552 319 1663 372 Xe·

38 379 353 448 nophonte‚
387 378 747 446 Amphilocho
772 381 1074 448 Athenaeo,
1115 386 1410 453 Anaxipoli
1434 386 1666 452 Thasio,

40 449 393 517 Apollodoro
417 448 672 510 Lemnio,
704 452 1076 519 Aristophane
1098 449 1341 519 Milesio,
1383 458 1664 524 Antigono

41 521 322 588 Cymaeo,
341 516 650 585 Agathocle
673 519 833 584 Chio,
854 523 1151 589 Apollonio
1170 526 1527 594 Pergameno,
1548 524 1667 576 Ari-

41 587 290 641 standro
324 587 631 653 Athenaeo,
668 587 912 643 Bacchio
933 592 1179 657 Milesio,
1217 595 1393 646 Bione
1417 593 1667 656 Solense,

41 657 305 710 Chaerea
341 655 647 717 Athenaeo,
690 658 981 712 Chaerist'o
1024 662 1177 724 item,
1215 662 1467 722 Diodoro
1506 663 1662 715 Prie·

37 726 1666 868 320329022333320‘xz'ssefiffifflffissffssss’ss2²:5⁰3

290 832 307 859 9

35 866 403 934 agricultura
445 866 689 933 scripsit,
731 837 1068 921 Aeschrion’c
1088 870 1242 932 item,
1274 869 1545 937 Dionysio
1570 872 1667 937 qui

32 936 351 1003 Magonem
374 937 679 999 transtulit,
719 936 1018 1005 Diophane
1039 940 1137 1007 qui
1157 955 1225 992 ex
1245 938 1524 1007 Dionysio
1550 942 1664 1006 epi-

31 1012 241 1057 tomen
279 1004 445 1066 fecit,
482 1005 807 1073 Asclepiade
849 1006 1084 1071 medico,
1125 1009 1483 1060 Erasistrato·
1512 1009 1668 1072 item,

34 1073 380 1128 Commiade
424 1073 520 1141 qui
561 1075 629 1127 de
668 1076 960 1130 conditura
981 1077 1119 1140 vini,
1159 1077 1546 1131 Aristomacho
1568 1078 1667 1145 qui

36 1145 213 1206 item,
236 1143 468 1195 Hicesio
493 1145 586 1210 qui
606 1145 761 1209 item,
804 1144 1143 1201 Themisone
1187 1148 1424 1212 medico,
1463 1146 1660 1202 Onesi-

34 1216 219 1276 crito,
240 1214 375 1266 luba
393 1227 544 1279 rege.
1632 1233 1637 1242 ·

27 1330 257 1397 Libro
283 1327 473 1395 XVI.
523 1339 933 1401 continentur
956 1336 1338 1400 silvestrum
1364 1332 1664 1428 arborum

707 1435 1004 1495 naturae.
1409 1445 1415 1452 ⁴

23 1557 79 1608 1.
232 1516 482 1604 Gentes
503 1548 623 1601 sine
646 1550 866 1602 arbore.
1438 1581 1449 1587 -

61 1623 112 1675 Ι.
169 1630 179 1640 ’
232 1617 519 1677 Miracula
540 1618 601 1669 in
642 1616 1091 1684 septemtrionali
1130 1616 1662 1685 regionombomm.

21 1725 28 1729 -
59 1693 145 1745 Π.
230 1687 321 1740 De
340 1684 689 1756 glandiferis:
730 1685 817 1738 De
849 1686 1023 1738 ci'vica
1061 1701 1285 1740 corona.

23 1762 150 1814 lv.
217 1758 318 1810 'De
342 1770 675 1827 coronarum
697 1756 931 1824 origine.
971 1813 984 1819 ,

25 1829 114 1882 V.
229 1828 341 1892 Qui
363 1826 597 1878 frondea
619 1836 828 1893 cosona
849 1822 1056 1877 donati.

21 1898 149 1952 vl.
234 1896 529 1949 Glandium
551 1908 761 1965 genera
784 1895 931 1948 xm.

23 1969 182 2024 Vll.
235 1967 320 2018 De
340 1965 489 2036 fago.

26 2036 207 2093 vm.
231 2034 319 2157 ige
338 2036 571 2102 reliquis
592 2035 914 2103 glandibus:
956 2033 1028 2087 de
1068 2032 1325 2102 carbone,

26 2107 157 2159 IX.
295 2121 325 2158 c
465 2107 537 2158 la.

27 2177 122 2229 X.
234 2105 901 2243 Quaffnalmultaspraeter
940 2173 1198 2242 glandem
1230 2169 1416 2228 ferant
1436 2171 1665 2228 eaedem

323 2245 571 2299 arbores.

27 2313 159 2368 xl.
239 2313 384 2366 Cach
395 2328 505 2381 rys.

27 2382 188 2437 ΧΠ.
247 2384 539 2453 (ὶόιτοιιῐιι.ἱ

22 2452 211 2507 xm.
235 2453 550 2521 Agat-icum.
1084 2516 1094 2527 x

22 2523 129 2576 x!
139 2523 213 2575 V.
236 2524 480 2586 Quarum
506 2518 781 2577 arborum
819 2518 1054 2574 cortices
1094 2519 1154 2572 in
1193 2532 1316 2572 usu.

22 2590 180 2646 XV.
233 2592 321 2644 De
359 2589 658 2643 scandulis.

22 2661 209 2717 XVI.
231 2663 317 2714 De
340 2663 491 2730 pino.
