2009 3025
254 164 361 221 318
660 165 721 217 c.
766 132 1044 218 15L1N11
1094 162 1475 217 secunm

261 267 414 321 sulas
435 281 652 336 quoque
672 266 860 335 plures
882 266 1172 334 amplexus
1186 302 1202 329 ‚
1242 266 1483 334 triginta
1501 263 1582 316 M.
1602 279 1882 332 passuum.

260 339 522 401 traiectu,
542 337 636 389 CL
657 336 889 400 ambitu,
910 344 975 388 ut
995 336 1171 388 tradit
1191 334 1454 386 Claudius
1477 335 1704 395 Caesar.
1754 335 1876 389 Alii
1939 348 1946 357 “

265 405 537 460 schoenos
559 405 619 457 in
639 405 1046 474 longitudinem
1068 411 1261 472 patere
1281 403 1384 455 XL
1404 403 1631 463 faciunt,
1673 401 1878 459 schoe-

265 490 510 544 numque
542 474 726 529 stadia
746 474 1001 543 triginta:
1042 475 1129 527 ita
1149 473 1273 526 fieri
1297 472 1661 543 longitudinis
1682 473 1779 524 CL
1793 472 1879 529 M,

265 561 436 614 pass„
458 543 785 597 tantundem
810 549 869 596 et
887 543 1221 595 latitudinis.
1467 582 1479 587 -

310 648 319 653 ‚
339 614 483 667 Sunt
502 615 563 665 in
586 612 799 665 honore
821 619 876 665 et
902 613 1053 664 intra
1074 604 1340 665 dec‘ursus
1376 610 1500 665 Nili
1518 610 1698 664 multa
1727 614 1888 678 oppi-

271 684 362 747 da,
395 683 691 751 praecipue
713 696 855 751 quae
877 683 1105 734 nomina
1125 680 1329 734 dedere
1351 682 1532 743 ostiis,
1560 688 1671 732 non
1693 683 1888 735 omnir·

268 755 393 816 bus,
414 753 540 819 (ΧΠ
559 753 709 805 enim·
733 753 1112 818 reperiuntur,
1144 764 1417 818 superque
1439 755 1699 819 quatuor,
1741 754 1888 816 quae

263 823 387 889 ‘ipsi
416 820 563 875 falsa
590 836 691 884 ora
729 820 1037 888 appellant)
1080 819 1180 873 sed
1220 819 1603 872 celeberrimis
1643 826 1888 885 septem,

267 890 525 958 proximo
565 888 939 944 Alexandriae
981 889 1288 955 Canopico,
1328 888 1531 942 deinde
1569 887 1890 950 Bolbitino,

271 959 668 1029 Sebennytico,
707 958 1045 1022 Phatnitioo‚
1071 956 1416 1020 Mendesico,
1440 957 1721 1020 Tanitico‚
1750 956 1888 1011 ulti·

269 1045 475 1097 moque
501 1029 818 1081 Pelusiaco.
888 1027 1192 1082 Praeterea
1227 1026 1432 1090 Butos,
1473 1025 1696 1079 Pharba
1866 1063 1888 1090 ,

269 1096 656 1164 Leontopolis,
677 1096 939 1160 Athribis,
959 1097 1126 1149 Isidis
1137 1095 1417 1163 oppidum,
1438 1095 1676 1157 Busiris,
1688 1094 1884 1163 Cyno-

272 1167 437 1232 polis,
457 1165 815 1232 Aphrodites,
835 1164 977 1227 Sais,
998 1164 1325 1217 Naucratis:
1364 1163 1511 1216 unde
1530 1167 1740 1216 ostium
1762 1165 1886 1231 qui·

274 1234 402 1293 dam
432 1233 830 1287 Naucraticum
867 1230 1157 1286 nominant
1171 1271 1189 1298 ,
1232 1233 1388 1303 quod·
1407 1234 1503 1285 alii
1523 1233 1884 1287 Heracleoti-

274 1318 416 1364 cum,
437 1303 735 1368 Canopico,
755 1304 844 1355 cui
867 1304 1181 1369 proximum
1208 1309 1312 1366 est,
1341 1302 1745 1370 praeferentes.

305 1389 310 1394 ·
341 1371 465 1426 XII.
503 1371 665 1424 Ultra
681 1371 1030 1425 Pelusiacum
1051 1373 1254 1426 Arabia
1276 1379 1379 1436 est,
1402 1371 1473 1425 ad
1493 1368 1750 1425 Rubrum
1772 1386 1888 1425 ma-

273 1458 336 1495 re
358 1442 662 1509 pertinens,
689 1448 745 1493 et
765 1441 1108 1512 odoriferam
1132 1443 1307 1505 illam,
1340 1446 1406 1494 ac
1427 1440 1654 1494 divitem
1676 1446 1740 1494 et
1758 1441 1894 1495 bea·

273 1521 369 1565 tae
391 1512 718 1580 cognomine
738 1512 1023 1580 inclytam.
1084 1513 1241 1566 Haec
1261 1512 1606 1565 Catabanum
1628 1517 1687 1563 et
1710 1512 1894 1566 Esbo-

274 1576 516 1634 nitarum
533 1588 590 1633 et
606 1580 953 1641 Scenitarum
964 1582 1205 1634 Arabum
1221 1588 1470 1645 vocatur,
1492 1579 1720 1648 sterilis,
1734 1593 1898 1650 prae·

277 1657 530 1719 terquam
554 1651 651 1702 ubi
675 1650 877 1720 Syriae
898 1652 1146 1716 confinia
1165 1651 1414 1718 attingit,
1453 1666 1557 1703 nec
1578 1650 1698 1702 nisi
1721 1650 1896 1712 Casio

275 1726 466 1775 monte
506 1719 729 1772 nobilis.
801 1721 907 1771 His
941 1721 1150 1771 Arabes
1178 1720 1486 1787 iunguntur
1500 1755 1519 1783 ,
1557 1720 1629 1773 ab
1665 1722 1932 1792 oriente*

276 1787 556 1852 Canchlei,
600 1804 635 1840 a
659 1787 893 1841 meridie
912 1787 1130 1850 Cedrei,
1168 1789 1262 1857 qui
1280 1786 1482 1842 deinde
1501 1789 1664 1841 ambo
1687 1788 1892 1844 Naba·

278 1858 438 1911 taeis.
509 1858 970 1924 Heroopoliticus
990 1863 1242 1922 vocatur,
1257 1858 1520 1930 alterque
1535 1851 1898 1914 Aelaniticus

279 1929 434 1981 sinus
447 1926 621 1977 Rubri
644 1928 816 1977 maris
839 1927 896 1977 in
911 1928 1224 1995 Aegyptum
1244 1928 1541 1995 vergentis,
1563 1928 1657 1980 CL
1670 1929 1757 1980 M.
1765 1943 1900 1997 pan·
1925 1987 1940 1996 ,

224 2035 229 2039 .
279 2012 440 2049 suum
470 1994 770 2050 intervallo
790 1994 938 2048 inter
959 1996 1072 2050 duo
1095 2011 1166 2063 op
1208 1995 1317 2059 ida,
1356 1996 1581 2060 Aelana,
1627 1996 1766 2049 etin
1786 2011 1908 2050 no·-

279 2073 396 2119 stro
416 2065 557 2117 mari
581 2063 808 2115 Gazam.
828 2066 1095 2132 ‚Agrippa
1115 2082 1149 2117 a
1214 2065 1389 2117 elusio
1410 2065 1688 2117 Arsinoen
1713 2066 1904 2122 Rubri

250 2135 446 2198 „maris
466 2130 749 2198 oppidum,
782 2134 1131 2198 per-deserta
1153 2132 1356 2187 CXXV
1375 2135 1455 2186 Μ.
1476 2148 1746 2200 passuum
1769 2141 1900 2188 tra*

281 2205 391 2256 dit:
427 2209 544 2255 tam
564 2213 737 2269 parvo
756 2201 931 2255 distat
954 2202 1037 2256 ibi
1055 2210 1213 2258 tanta
1238 2218 1419 2262 rerum
1441 2208 1680 2259 naturae
1701 2203 1896 2267 diver,-

276 2273 434 2325 sitas.
632 2303 635 2306 -

345 2339 492 2423 ΧΨ.
527 2340 690 2400 quta
701 2339 866 2426 Syria
885 2339 1021 2398 litus
1043 2348 1293 2424 occupat,
1315 2341 1592 2414 quondam
1603 2350 1922 2420 tei-ramni*

194 2481 215 2548 3
282 2410 926 2531 ’ἒῧῖἓῧῆἕξὲἐὲιξὲῗὲἰ
936 2409 1900 2549 ῗίξῗὲῗέηῗῗηέξῗίἓὲἓὴᾱέὴέἒῗΐ

283 2544 438 2609 daea,
472 2553 531 2608 et
551 2547 754 2610 Coele,
772 2546 901 2598 dein
919 2544 1222 2601 Phoenice:
1261 2557 1318 2603 et
1338 2566 1452 2617 qua
1467 2550 1683 2603 recedit
1704 2550 1896 2615 intus,

288 2613 654 2668 Damascenaz
678 2630 743 2666 ac
762 2615 940 2681 magis
965 2615 1269 2669 etiamnum
1288 2620 1617 2684 meridiana,
1638 2617 1898 2688 Babylo·
1923 2667 1932 2680 .

286 2683 393 2735 nia.
437 2683 513 2736 Et
530 2682 725 2737 eadem
746 2684 1157 2750 Mesopotamia
1174 2687 1322 2739 inter
1339 2686 1686 2756 Euphratem
1710 2695 1774 2743 et
1790 2687 1896 2746 'ri—
