2009 3025
335 143 401 197 38
656 147 715 197 C.
786 142 1110 197 PLINII
1180 143 1610 197 SECUNDI

337 249 463 298 num
509 247 690 313 potius
711 246 887 299 videri
912 253 1118 313 posset,
1160 246 1578 298 immortalitate
1600 246 1796 299 donari
1821 265 1856 300 a
1873 266 1942 301 se

336 317 578 382 scripsit,
598 315 670 367 ad
695 331 832 382 quos
846 316 1420 383 aliquawmponebat.
1451 317 1665 367 Menon
1680 320 1944 382 poenitet

294 441 307 456 ⁸
337 385 548 438 nullum
597 384 941 437 festiviorem
983 385 1333 451 excogitasse
1373 383 1618 440 titulum.
1689 387 1763 438 Et
1792 402 1860 436 nc
1883 387 1944 438 in

324 458 514 505 'totum
539 453 731 505 videar
750 453 996 505 Graecos
1021 454 1299 516 insectari,
1321 459 1390 505 ei
1410 453 1523 503 illis
1544 467 1646 505 uos
1667 454 1832 505 velim
1841 458 1939 504 *in-

341 523 524 588 telligi
549 522 806 589 pingendi
828 523 1176 589 fingendique
1199 522 1610 585 conditoribus,
1629 538 1770 589 quos
1794 525 1847 573 in
1865 524 1941 575 ii-

342 591 504 642 bellis
550 590 636 641 his
678 592 925 644 invenies
941 628 956 654 ‚
998 590 1254 643 absoluta
1285 606 1482 657 opera,
1524 599 1581 642 et
1600 592 1702 643 illa
1722 603 1944 658 quoque
1991 625 1992 628 =

342 673 484 725 quae
524 661 773 711 mirando
796 675 905 710 non
927 660 1229 721 satiamur,
1269 659 1532 727 pendenti
1554 661 1724 711 titulo
1746 662 1947 712 inscri-

346 729 554 793 psisse:
582 734 664 791 ut,
690 727 898 795 Apelles
909 728 1183 800 faciebat,
1204 734 1300 779 aut
1322 728 1658 797 Polycletus:
1678 736 1946 795 tanquam

348 796 612 848 inchoata
651 812 870 863 semper
892 805 1015 849 arte
1036 805 1094 850 et
1116 796 1457 875 imperfecta·
1506 805 1567 848 ut
1590 805 1784 850 contra
1805 798 1947 849 iudi·
1991 805 1992 826 ἢ

348 867 555 917 ciorum
615 867 919 918 varietates
972 872 1289 933 superesset
1326 834 1525 918 artifici
1546 851 1842 933 regressus
1869 868 1948 918 ad
1991 891 1992 900 1

345 935 560 986 veniam
574 969 589 995 ,
652 935 805 985 velut
826 935 1183 987 emendaturo
1207 933 1476 1002 quidquid
1512 935 1948 996 desideraretur,
1991 981 1992 988 ,

345 1004 396 1053 si
420 1018 528 1053 non
550 1008 700 1053 esset
719 1002 1099 1069 interceptus.·
1126 1005 1312 1066 Quare
1336 1005 1558 1071 plenum
1579 1003 1947 1057 verecundiae

345 1071 485 1122 illud
525 1076 611 1122 est
630 1105 647 1132 ,
687 1070 834 1137 quod
856 1074 1043 1124 omnia
1064 1088 1238 1140 opera
1253 1081 1518 1140 tanquam
1541 1073 1840 1125 novissima
1857 1074 1944 1124 in·

262 1168 281 1196 ,·
343 1142 615 1205 scripsere
634 1173 650 1199 ‚
690 1146 747 1190 et
762 1144 1033 1206 tanquam
1075 1142 1308 1208 singulis
1348 1142 1470 1194 fato
1514 1142 1736 1193 ademti.
1808 1143 1947 1194 Tria

343 1223 454 1272 non
476 1207 735 1273 amplius,
751 1214 813 1258 ut
836 1211 1050 1273 opinor,
1072 1211 1324 1264 absolute
1344 1212 1645 1264 traduntur
1664 1211 1948 1277 inscripta,

342 1276 442 1328 Ille
451 1275 627 1347 fecit,
637 1292 778 1343 quae
800 1277 917 1328 suis
938 1279 1075 1330 locis
1097 1279 1355 1333 reddam:
1378 1296 1488 1348 quo
1504 1280 1778 1348 apparuit,
1801 1294 1948 1330 sum-

241 1383 248 1391 .
343 1359 489 1396 mam
511 1346 647 1411 artis
670 1348 1030 1399 securitatem
1043 1350 1259 1400 auctori
1279 1350 1572 1416 placuisse,
1586 1355 1644 1401 et
1655 1349 1726 1400 ob
1751 1348 1809 1399 id
1832 1363 1948 1399 ma·

340 1427 452 1480 gna
472 1413 705 1465 invidia
727 1414 884 1465 fuere
923 1418 1109 1468 omnia
1128 1433 1210 1469 ea.
1268 1418 1389 1483 Ego
1429 1418 1593 1486 plane
1612 1418 1751 1470 meis
1771 1418 1947 1486 adiici

344 1497 505 1548 posse
530 1482 706 1534 multa
726 1484 1027 1537 confiteor:
1069 1501 1171 1538 nec
1191 1484 1275 1537 his
1296 1486 1461 1549 solis,
1485 1487 1585 1541 sed
1609 1493 1667 1540 et
1689 1488 1946 1540 omnibus

344 1566 484 1619 quae
506 1552 687 1634 edidi:
731 1559 792 1604 ut
816 1556 886 1607 ob
907 1555 966 1606 id
987 1570 1209 1607 caveam
1234 1558 1372 1607 istos
1395 1558 1945 1624 Homeromastigas:

342 1620 450 1687 (ita
471 1636 618 1673 emm
639 1622 826 1674 verius
848 1623 1081 1677 dixerim
1095 1628 1133 1686 ε)
1154 1626 1413 1690 quoniam
1436 1625 1604 1676 audio
1627 1632 1683 1678 et
1706 1625 1945 1687 Stoicos,

341 1697 400 1742 et
424 1690 781 1754 Dialecticos,
824 1692 1128 1758 Epicureos
1151 1707 1368 1760 quoque
1389 1698 1539 1757 (nam
1563 1693 1630 1745 de
1654 1694 1944 1755 Grammaff

341 1759 467 1810 ticis
505 1768 723 1826 semper
746 1764 1092 1827 exspectavi)
1114 1762 1394 1826 parturire
1418 1763 1683 1814 adversus
1704 1763 1948 1823 libellos,

344 1842 484 1894 quos
508 1826 578 1878 de
595 1828 973 1880 Grammatico.
993 1829 1161 1890 edidi,
1184 1834 1241 1880 et
1262 1830 1491 1883 subinde
1512 1831 1743 1883 abortus
1762 1833 1948 1883 facere
1993 1866 1994 1877 η

341 1899 455 1957 iam
502 1894 690 1948 decem
713 1899 887 1959 annis,
907 1911 1074 1963 quum
1097 1896 1334 1950 celerius
1361 1901 1528 1951 etiam
1549 1899 1832 1967 elephanti
1860 1916 1951 1967 pa·
1993 1950 1994 1957 ,

343 1965 508 2034 riant.
570 1964 683 2016 Ceu
711 1979 855 2016 ·vero
879 1966 1119 2017 nesciam
1134 2001 1151 2028 ,
1195 1965 1460 2039 adversus
1480 1954 1995 2035 Theophrastunul

266 2060 269 2063 ·
346 2033 624 2086 hominem
663 2033 725 2083 in
766 2032 1091 2100 eloquentia
1107 2041 1323 2086 tantum
1339 2072 1355 2098 ‚
1396 2042 1460 2088 ut
1481 2051 1678 2091 nomen
1700 2038 1948 2089 divinum

334 2101 476 2154 inde
495 2101 782 2162 invenerit,
813 2104 1108 2169 scripsisse
1129 2104 1294 2156 etiam
1318 2104 1597 2167 feminam,
1640 2112 1697 2157 et
1753 2121 1947 2179 proveg-

342 2170 492 2222 bium
515 2169 645 2222 inde
669 2175 878 2232 natum,
943 2172 1203 2240 uspendio
1229 2175 1480 2226 arborem
1506 2174 1708 2243 eligent
1732 2193 1766 2225 ι.
1823 2176 1948 2227 Non

345 2232 487 2306 queo
508 2234 645 2290 'n‘iihi
667 2244 915 2307 tempera
949 2240 1364 2309 e‘,''‘qii'o*mihiis
1386 2241 1457 2294 ad
1477 2242 1585 2295 hoc
1604 2236 1949 2310 pertinentia

343 2309 469 2374 ipsa
510 2308 758 2359 Censorii
799 2310 1028 2361 Catonis
1068 2312 1234 2362 rerba
1269 2325 1498 2375 ponam:
1540 2316 1600 2362 ut
1619 2312 1752 2364 inde
1775 2324 1975 2380 appa-⁴

340 2374 482 2437 reat,
504 2376 674 2427 etiam
697 2378 892 2430 Catoni
915 2377 983 2430 de
1007 2378 1236 2430 militari
1260 2377 1551 2446 disciplina
1575 2389 1951 2435 commentan-

344 2443 407 2504 ti‚
432 2444 526 2510 qui
545 2445 647 2496 sub
669 2445 950 2508 Africano,
988 2448 1157 2499 immo
1173 2461 1305 2498 vero
1328 2453 1386 2499 et
1404 2449 1505 2499 sub
1528 2449 1849 2502 Hannibale
1875 2449 1950 2500 di·

343 2511 574 2563 dicisset
611 2513 881 2578 militare,
925 2521 984 2567 et
1003 2532 1077 2567 ne
1092 2515 1411 2567 Africanum
1437 2516 1656 2583 quidem
1679 2517 1831 2571 ferre
1854 2535 1947 2587 po·

343 2578 548 2632 tuisset
563 2617 580 2644 ,
631 2583 728 2649 q‘ui
749 2587 1058 2650 Imperator
1075 2583 1416 2650 triumphum
1439 2584 1805 2651 reportasset,
1853 2603 1948 2655 pa-

346 2653 499 2701 ratos
518 2648 696 2705 luisse
718 2653 876 2714 istos,
896 2654 991 2718 qui
1015 2653 1430 2720 obtrectatione,
1443 2653 1659 2708 alienae
1677 2656 1950 2711 scientiae

1579 2864 1856 2983 Ἀ
