2009 3025
260 109 946 214 NATUR4H18T0R.
1010 130 1311 186 L1B.1v.
1351 131 1540 188 18.19.
1610 134 1716 188 279

188 229 410 295 Aegaeo
449 230 594 283 mai-i
632 246 834 288 nomen
875 234 1029 287 dedit
1055 234 1314 302 scopulus
1336 235 1480 287 inter
1498 237 1717 288 Tenum

122 302 178 349 et
202 296 396 349 Chium
418 303 599 351 verius
639 316 802 367 quam
841 304 1052 365 insula,
1092 308 1209 355 Aex
1234 307 1456 355 nomine
1480 319 1512 354 a
1533 306 1715 370 specie

120 380 335 446 caprae,
376 382 515 434 quae
547 369 629 420 ita
651 371 880 424 Graecis
923 372 1260 439 appellatur,
1301 378 1531 437 repente
1556 388 1586 422 e
1607 386 1716 423 me-

121 434 216 485 dio
236 436 377 491 mari
400 437 677 489 exsiliens.
730 442 973 493 cernunt
1005 456 1129 491 eum
1162 456 1197 492 a
1219 440 1415 493 dextra
1436 444 1592 505 parte
1614 440 1716 491 An-

122 503 279 554 drum
320 506 644 572 navigantes
689 510 759 560 ab
780 508 1002 572 Achaia,
1046 509 1223 560 dirum
1267 523 1333 561 ac
1371 507 1716 575 pestiferum.

120 573 323 639 Aegaei
347 588 475 639 pars
493 575 724 642 Myrtoo
749 577 938 629 datur:
962 578 1279 644 appellatur
1300 577 1368 628 ab
1390 577 1574 628 insula
1595 590 1717 642 par·

121 656 206 703 va,
247 656 388 708 quae
428 646 671 699 cernitur
700 647 1091 700 Macedoniam
1133 661 1168 696 a
1189 647 1460 698 Geraesto
1484 643 1720 712 petenti-

121 707 240 773 bus,
282 709 426 763 haud
458 715 647 779 procul
677 716 941 773 Euboeae
972 718 1232 782 Carysto.
1279 714 1512 765 Romani
1532 715 1720 765 omnia

122 775 256 832 haec
288 781 468 833 maria
501 782 716 835 duobus
747 785 1059 835 nominibus
1100 781 1409 849 appellant:
1450 782 1716 834 Macedo·

119 849 319 913 uicum,
353 865 675 920 quacunque
694 853 1079 906 Macedoniam
1110 858 1210 903 aut
1230 850 1525 902 Thraciam
1548 851 1719 903 attiu-

118 919 219 986 git:
265 920 620 983 Graeciense,
657 938 766 990 qua
787 923 1078 975 Graeciam
1119 921 1298 972 alluit.
1349 921 1495 972 Nam
1518 918 1720 972 Graeci

120 993 175 1039 et
197 989 412 1042 lonium
435 990 687 1042 dividunt
706 992 763 1041 in
786 990 1049 1052 Siculum,
1079 1005 1143 1041 ac
1165 992 1456 1052 Creticum,
1476 990 1545 1041 ab
1566 989 1718 1040 insu·

118 1056 202 1107 lis.
241 1060 382 1109 ltem
399 1059 657 1121 Icarium,
698 1059 845 1127 quod
875 1065 962 1112 est
993 1060 1140 1111 inter
1160 1058 1403 1120 Samum,
1446 1064 1503 1110 et
1522 1060 1719 1126 Myco-

118 1139 264 1192 num.
306 1128 503 1180 Cetera
522 1129 746 1180 nomina
766 1130 918 1181 sinus
942 1129 1166 1190 dedere,
1190 1142 1324 1194 quos
1346 1127 1602 1179 diximus.
1641 1126 1718 1177 Et

118 1197 297 1248 maria
320 1198 538 1262 quidem
556 1205 859 1266 gentesque
895 1199 955 1250 in
988 1196 1160 1251 tertio
1190 1197 1448 1264 Europae
1489 1197 1612 1247 sinu
1644 1195 1718 1246 ad

116 1261 262 1316 hunc
284 1266 510 1317 modum
534 1282 593 1317 se
613 1266 838 1319 habent.
1092 1296 1096 1300 ·

179 1333 335 1385 XIX.
375 1334 598 1385 Insulae
631 1341 814 1388 autem
859 1350 927 1387 ex
967 1334 1199 1386 adverso
1235 1333 1639 1398 Thesprotiae:
1681 1346 1717 1382 a

117 1400 401 1453 Buthroto
424 1401 713 1454 duodecim
739 1402 917 1454 millia
936 1416 1225 1469 passuum,
1251 1402 1439 1452 eadem
1463 1401 1531 1451 ab
1552 1402 1716 1451 Acro·-

121 1470 397 1523 cerauniis
429 1470 828 1539 quinquaginta
855 1471 989 1522 mill.
1024 1485 1147 1521 cum
1179 1471 1315 1521 urbe
1351 1469 1595 1521 eiusdem
1621 1481 1716 1519 no·

120 1541 303 1593 minis,
339 1542 608 1609 Corcyra,
655 1540 867 1592 liberae
888 1540 1154 1600 civitatis,
1195 1545 1249 1589 et
1279 1536 1479 1603 oppido
1503 1536 1719 1588 Cassio-

119 1622 205 1674 pe,
250 1609 567 1676 temploque
607 1608 784 1661 Cassii
822 1609 985 1670 lovis,
1023 1621 1280 1674 passuum
1315 1607 1615 1671 nonaginta
1636 1619 1719 1655 se-

124 1686 273 1797 ptem
305 1679 442 1730 mill.
483 1680 541 1729 in
583 1677 987 1745 longitudinem
1023 1680 1248 1740 patens:
1285 1675 1535 1725 Homero
1566 1673 1721 1723 dicta

164 1747 352 1800 cheria
372 1754 430 1799 et
441 1746 733 1808 Phaeacia,
747 1742 1087 1796 Callimacho
1110 1743 1277 1794 etiam
1293 1742 1568 1806 Drepane.
1606 1741 1722 1791 Cir·

127 1829 190 1867 ca
210 1831 333 1868 eam
349 1816 579 1883 aliquot,
600 1817 700 1867 sed
721 1813 792 1865 ad
810 1814 1032 1866 ltaliam
1051 1825 1281 1879 vergens
1302 1809 1623 1862 Thoronos=
1647 1809 1721 1859 ad

125 1881 461 1938 Leucadiam
485 1883 671 1936 Paxoe
693 1884 852 1944 duae,
874 1884 1113 1951 quinque
1132 1881 1209 1932 Μ.
1234 1880 1514 1932 discretae
1534 1894 1570 1929 a
1590 1877 1719 1928 Gor-
1801 1897 1806 1906 »

127 1965 276 2018 cyra.
301 1951 431 2003 ‘Nec
450 1953 644 2018 procul
667 1953 736 2004 ab
762 1953 830 2004 iis
851 1957 980 2003 ante
1000 1954 1299 2017 Corcyram
1320 1948 1569 2011 Ericusa,
1591 1946 1713 1997 Ma-

128 2020 304 2082 rathe,
324 2019 627 2087 Elaphusa,
648 2020 946 2082 Malthace,
965 2019 1225 2081 Trachis,
1244 2015 1563 2084 Pythionia,
1584 2013 1718 2081 Pty-

129 2088 268 2149 chia,
283 2090 575 2141 Tarachie.
607 2092 683 2142 Et
705 2088 1020 2142 aPhalaero
1033 2090 1308 2155 Corcyrae
1326 2084 1715 2153 promontorio

130 2158 386 2225 scopulus
409 2193 425 2219 ‚
468 2158 525 2209 in
555 2173 712 2224 quem
739 2163 1003 2209 mutatam
1036 2157 1250 2224 Ulyssis
1272 2167 1466 2205 navem
1489 2168 1523 2203 a
1540 2152 1718 2223 simili

133 2230 310 2295 specie
342 2226 530 2278 fabula
565 2231 667 2278 est.
707 2228 844 2280 Ante
874 2225 1253 2285 Leueimnam,
1276 2222 1507 2289 Sybota.
1566 2222 1716 2272 lntei·

131 2294 462 2348 Leucadiam
478 2303 662 2347 autem
678 2301 734 2346 et
743 2294 1000 2347 Achaiam
1017 2292 1344 2362 permultae,
1370 2304 1597 2358 quarum
1609 2289 1718 2340 Te-

128 2362 392 2426 leboides,
411 2364 1027 2431 eaedemque'raphiae‚
1051 2364 1121 2414 ab
1140 2347 1344 2414 incolis
1363 2365 1490 2410 ante
1501 2359 1716 2410 Leuca-

129 2430 269 2485 diam
293 2434 661 2503 appellantur,
678 2432 943 2501 Taphias,
965 2431 1160 2494 (hiae,
1177 2429 1496 2481 Prinoessa=
1518 2431 1575 2479 et
1585 2432 1718 2479 ante

131 2499 394 2556 Aetoliam
433 2500 774 2566 Echinades,
813 2500 1091 2571 Aegialia,
1129 2497 1384 2561 Cotonis,
1425 2494 1512 2550 Th
1556 2494 1717 2558 atira,

131 2564 694 2642 Geoaris,1)ionyuia,
715 2572 952 2641 Cyrnus,
975 2566 1215 2633 Chalcis,
1234 2566 1453 2632 Pinara,
1471 2512 1712 2635 Raetus.
1751 2570 1772 2581 ‘

191 2638 331 2697 Ante
359 2654 455 2697 eas
486 2640 546 2695 in
578 2640 695 2695 alto
727 2637 1083 2712 cephalenia,
1113 2634 1448 2707 zacynthus,
1482 2642 1718 2703 utraque
