2009 3025
131 1389 132 1392 ’
241 1394 245 1399 ’
322 1395 481 1446 liam:
502 1396 820 1465 Pachynum
840 1400 900 1452 in
922 1401 1244 1467 Graeciam,
1266 1404 1545 1457 CCCCXL
1565 1406 1642 1456 Μ.
1667 1406 1739 1457 ab
1761 1420 1824 1457 eo
1845 1404 1913 1456 (li-

1297 63 1303 92 l

318 188 423 242 245
692 193 752 248 c,
823 187 1098 248 eumn
1166 167 1548 247 sEann'l

321 295 529 344 Contra
550 294 786 359 Veliam,
816 295 1037 360 Pontia,
1069 304 1127 350 ct
1145 296 1307 357 lscia,
1325 292 1595 365 utraeque
1615 312 1729 349 uno
1752 298 1914 348 nomi·

319 377 388 413 ne
413 363 761 426 Oenotrides,
799 374 1183 434 argumentum
1225 381 1518 432 possessae
1550 366 1621 418 ab
1643 367 1915 418 Oenotriis

320 430 541 490 ltaliae.
580 434 790 486 Contra
805 436 1076 494 Vibonem
1095 450 1323 503 parvae,
1347 450 1488 503 quae
1509 433 1918 487 vocanturltha·

325 502 523 561 cesiae,
558 501 627 551 ab
653 502 868 569 Ulyssis
900 506 1144 571 specula.
1887 505 1892 519 ¹

393 567 544 619 XIV.
580 571 788 623 Verum
814 580 944 625 ante
968 585 1156 627 omnes
1177 574 1436 627 claritate
1458 573 1671 637 Sicilia,
1705 572 1919 627 Sicania

324 635 645 704 Thucydidi
664 640 833 703 dicta,
874 643 1172 694 'Trinacria
1202 644 1475 709 pluribus,
1495 651 1593 695 aut
1615 643 1919 709 Triquetra,

275 719 285 725 ·
324 722 358 758 a
381 706 665 773 triangula
706 712 916 775 specie:
958 712 1199 764 circuitu
1239 719 1463 779 patens,
1504 719 1569 764 ut
1607 715 1823 764 aucto(
1843 719 1921 765 est

323 776 586 842 Agrippa,
624 776 905 833 DCXVlll
927 780 1003 831 Μ.
1048 796 1194 848 pass.
1235 780 1510 849 quondam
1551 783 1751 834 Brutio
1792 795 1918 850 agro

277 853 292 858 ⁹
326 842 642 909 cohaerens,
686 862 817 899 mox
835 848 1108 912 interfuso
1133 851 1275 901 mari
1293 850 1491 902 avulsa
1508 850 1614 902 XV
1631 851 1712 904 M.
1734 850 1794 902 in
1814 852 1920 903 lon·

323 913 627 979 gitudinem
652 915 820 980 freto,
844 917 902 968 in
924 918 1273 971 latitudinem
1299 925 1488 971 autem
1511 920 1626 974 MD
1648 936 1796 988 pass.
1816 923 1919 976 iux·

322 989 387 1033 ta
411 983 722 1043 columnam
746 985 1036 1055 Rhegiam.
1074 988 1154 1039 Ab
1175 986 1282 1041 hoc
1301 987 1620 1043 dehiscendi
1643 1004 1917 1057 argumen-

321 1057 402 1110 to,
443 1050 717 1119 Rhegium
748 1055 950 1108 Graeci
973 1072 1171 1109 nomen
1205 1056 1410 1111 dedere
1438 1060 1661 1125 oppido,
1701 1059 1758 1118 in
1790 1071 1937 1110 mar-¹
1982 1059 1988 1132 J

322 1120 453 1187 gine
493 1119 691 1174 ltaliae
731 1124 863 1175 sito·
917 1126 979 1176 In
1013 1142 1080 1179 eo
1112 1126 1261 1179 freto
1298 1133 1386 1179 est
1416 1128 1681 1196 scopulus
1710 1127 1914 1196 Scyllae

322 1189 460 1238 item
483 1186 814 1262 Charybdis,
830 1207 987 1245 mare
1008 1198 1374 1259 vorticosum:
1394 1199 1557 1249 ambo
1581 1197 1738 1250 clara
1756 1196 1913 1248 saevi·

238 1285 242 1290 ·
321 1257 422 1309 tia.
478 1255 654 1324 Ipsius
688 1260 1154 1330 Triquetrae,‘'ut
1186 1266 1447 1329 diximus,
1488 1266 1911 1333 promontorium

370 1326 555 1378 elorus
591 1335 839 1395 vocatur,
880 1333 1146 1387 adrersus
1179 1334 1426 1403 Scyllam
1464 1351 1700 1403 vergens
1731 1336 1788 1387 in
1814 1335 1913 1388 lta·

322 1472 509 1518 stante
530 1465 937 1536 Peloponneso:
980 1471 1313 1542 Lilybaeum
1334 1476 1391 1527 in
1412 1474 1657 1528 Africam
1679 1473 1914 1526 CLXXX

321 1535 400 1585 M.
422 1537 717 1590 intervallo
748 1541 782 1592 a
802 1540 1071 1594 Mercurii
1101 1545 1515 1612 promontorio:
1559 1551 1619 1597 et
1662 1560 1698 1596 a
1720 1543 1914 1597 Carali-

320 1609 454 1656 tano
488 1604 778 1661 Sardiniae
820 1605 960 1663 CXC
987 1611 1067 1664 M.
1109 1613 1268 1666 Inter
1301 1630 1364 1667 se
1389 1620 1575 1666 autem
1617 1613 1760 1666 haec
1790 1617 1909 1685 'pfe-

249 1686 262 1697 “
319 1677 603 1727 montoria
625 1692 690 1729 ac
717 1677 904 1732 latera
934 1679 1158 1747 distant·
1185 1681 1273 1734 his
1302 1685 1516 1750 spatiis.
1554 1686 1803 1736 Tei-reno
1832 1678 1912 1733 ili-

319 1757 451 1795 nere
473 1758 508 1795 a
526 1744 727 1798 Peloro
754 1747 1077 1816 Pachynum
1111 1752 1280 1804 CXCI
1305 1754 1383 1804 M.
1412 1766 1559 1820 pass.
1611 1753 1748 1805 Inde
1768 1752 1908 1818 Lily-

319 1812 518 1877 haeum
558 1816 646 1867 CC
677 1816 755 1868 M.
789 1817 917 1870 inde
948 1818 1236 1884 Pelorum,
1277 1820 1495 1876 CLXX.
1552 1822 1818 1874 Coloniae
1844 1817 1910 1870 ibi

229 1899 244 1906 ‘
317 1880 589 1947 quinque:
633 1885 799 1934 nrbes
840 1901 905 1937 ac
934 1887 1192 1942 civitates
1224 1891 1425 1944 LXlll.
1471 1893 1519 1943 A
1541 1890 1749 1944 Peloro
1777 1900 1910 1941 mare

316 1950 534 2000 lonium
571 1963 671 2002 ora
698 1959 1003 2020 spectante,
1036 1959 1297 2025 oppidum
1316 1961 1802 2014 Messanavivium
1820 1958 1911 2010 Ro·

315 2031 623 2080 manorum,
661 2021 757 2087 qui
775 2020 1100 2078 Mamertini
1130 2036 1413 2081 vocantur.
1469 2027 1908 2082 Promontoriu‘m

314 2086 664 2154 Drepanum
705 2089 927 2144 colonia
954 2096 1412 2161 Tauromenium,
1447 2113 1590 2166 quae
1622 2105 1792 2151 antea
1809 2095 1909 2150 Na·

312 2169 435 2217 xos,
461 2155 664 2206 flumen
683 2156 910 2210 Asines:
953 2177 1116 2216 mons
1135 2167 1311 2219 Aetna
1332 2167 1621 2219 nocturnis
1655 2168 1828 2219 mirus
1843 2165 1911 2215 ih·

319 2224 549 2276 cendiis.
591 2224 787 2281 Crater
808 2229 927 2280 eius
946 2239 1109 2297 patet
1129 2236 1341 2287 ambitu
1365 2236 1508 2288 stad.
1528 2235 1653 2293 XX.
1704 2232 1910 2288 Farina

316 2292 748 2345 Tauromenium
793 2302 850 2348 et
885 2300 1140 2354 Catinam
1172 2319 1350 2371 usque
1381 2307 1637 2371 pervenit
1676 2305 1908 2375 ferr-qus:

289 2358 506 2429 'fragor
524 2375 656 2412 vero
680 2363 749 2414 ad
771 2366 1058 2420 Maronem
1082 2378 1139 2422 et
1156 2372 1441 2426 Gemellos
1464 2375 1655 2426 colles.
1697 2368 1910 2438 Scopuli

311 2433 426 2479 tres
449 2428 769 2497 Cyclopum,
809 2441 1005 2500 portus
1030 2438 1262 2507 Ulyssis,
1288 2444 1508 2494 colonia
1530 2443 1752 2495 Catina.
1798 2438 1913 2493 Flu·

311 2495 464 2546 mina
486 2513 499 2546 ε
522 2495 899 2567 Symaethum,
924 2505 1142 2558 Terias.
1178 2509 1331 2560 Intus
1354 2511 1762 2580 Laestrygonii
1782 2518 1910 2561 cam·

294 2562 387 2680 {a
444 2565 686 2633 Oppidaz
734 2570 1026 2634 Leontini,
1065 2560 1338 2642 Megaris:
1372 2574 1919 2651 ‘amararum

358 2622 548 2686 olonia
567 2636 897 2704 Syracusae,
934 2657 1058 2693 cum
1082 2642 1238 2699 fonte
1258 2647 1552 2702 Arethusa.
1591 2651 1909 2717 Quanquam

311 2705 369 2750 et
390 2702 713 2768 Temenitis‚
758 2714 815 2759 et
856 2708 1226 2776 Archidemia,
1270 2724 1330 2768 et
1367 2717 1627 2788 Magaea,
1670 2725 1733 2771 et
1770 2718 1904 2785 Cyn·
