2009 3025
291 159 397 214 386
693 159 754 213 C.
804 157 1085 211 PL1N11
1140 157 1513 211 SECUNDI

295 278 405 330 que
438 262 768 315 subtilitatis
799 264 1140 321 immensae,
1179 257 1387 310 mundo
1416 258 1500 311 ibi
1541 256 1909 325 deprehenso,

296 347 422 384 cum
443 330 764 384 indubitata
775 333 992 383 ratione
1007 329 1327 380 umbrarum
1338 326 1751 379 Eratosthenes
1766 344 1911 379 men-

294 415 486 453 suram
511 407 698 453 terrae
720 399 956 466 prodere
979 398 1109 450 inde
1130 397 1394 463 coeperit.
1466 396 1618 448 Hinc
1638 397 1912 448 Azanium
1985 426 1986 435 κ

298 484 481 522 mare:
512 470 973 537 promontorium,
993 468 1138 535 quod
1158 467 1331 533 aliqui
1352 466 1653 531 Hispalum
1674 465 1911 532 scripse·

298 554 392 592 re:
431 538 607 600 lacus,
635 538 990 591 Mandalum:
1032 536 1217 588 insula
1236 535 1588 597 Colocasitis,
1630 541 1690 586 et
1712 535 1773 585 in
1796 535 1914 585 alto

299 609 527 670 multae,
547 607 605 658 in
667 608 828 659 uibus
847 606 1074 660 testudo
1097 604 1378 673 plurimas
1402 603 1690 671 Oppidum
1713 602 1919 655 Suche·

301 677 488 728 insula
509 675 633 743 Dap
678 677 839 738 nidis,
860 675 1122 743 oppidum
1142 672 1429 726 Aduliton.
1497 673 1913 741 Aegyptiorum
1985 726 1986 737 ἶ

302 746 414 797 hoc
442 746 591 797 servi
624 761 661 797 a
691 745 935 799 dominis
969 743 1196 811 profugi
1217 741 1532 794 condidere.
1604 742 1917 794 Maximum
1985 754 1986 765 ¹

304 812 399 867 hic
436 816 743 880 emporium
782 814 1288 882 Troglodytarum,
1349 811 1522 863 etiam
1563 810 1917 878 Aethiopum.

303 884 476 936 Abest
496 899 530 935 a
543 882 891 936 Ptolemaide
910 883 1042 950 quin
1084 898 1152 934 ue
1172 880 1388 933 dierum
1409 879 1781 948 navigatione.
1804 881 1917 933 De·

304 951 500 1006 ferunt
523 952 820 1020 plurimum
841 953 997 1014 ebur,
1028 966 1058 1002 r
1098 951 1445 1003 inocerotum
1467 963 1700 1012 cornua,
1720 947 1918 1016 hippo·

306 1028 660 1090 potamorum
702 1022 888 1084 coria,
939 1019 1179 1087 chelyon
1220 1017 1558 1071 testudinum
1574 1052 1592 1080 ,
1641 1017 1918 1086 sphingia,

307 1090 599 1156 mancipia.
664 1090 864 1158 Supra,
886 1087 1188 1155 Aethiopes
1206 1090 1496 1140 Aroteres:
1518 1088 1759 1151 insulae,
1773 1082 1917 1156 'quae

308 1159 508 1210 Aliaeu
525 1166 824 1220 vocantur,
862 1160 1001 1209 item
1024 1155 1297 1210 Bacchias
1318 1163 1375 1210 et
1393 1155 1821 1219 Antibacchias,
1844 1164 1918 1214 „et
1985 1170 1986 1225 ς

311 1226 610 1281 Stratonis.
682 1227 834 1279 Hinc
853 1226 914 1281 in
932 1241 1038 1278 ora
1056 1224 1389 1291 Aethiopiae
1410 1227 1566 1276 sinus
1589 1220 1917 1292 incognitus,
1985 1240 1986 1247 ¹

266 1310 272 1321 ³
310 1294 462 1364 quod
481 1294 833 1358 admiremur,
870 1310 996 1349 cum
1015 1297 1286 1348 ulteriora
1306 1299 1652 1346 mercatores
1671 1300 1917 1346 scruten-

311 1373 421 1417 tur.
491 1363 965 1428 Promontorium,
1007 1367 1062 1416 in
1085 1379 1197 1430 quo
1218 1365 1346 1414 fons
1368 1362 1602 1425 Cucios,
1644 1363 1924 1431 expetitas
1985 1390 1986 1421 3

312 1434 722 1501 navigantibus.
790 1435 951 1487 Ultra
968 1432 1135 1487 Isidis
1154 1438 1368 1500 portus,
1393 1430 1585 1485 decem
1606 1431 1822 1484 dierum
1843 1447 1929 1483 re·
1985 1428 1986 1437 ’

311 1503 484 1572 migio
518 1503 588 1557 ab
619 1503 825 1572 oppido
844 1503 1197 1558 Adulitarum
1235 1501 1469 1554 distans.
1535 1501 1603 1554 In
1628 1518 1754 1553 eum
1777 1503 1926 1555 Tro·
1985 1529 1986 1534 κ

312 1573 560 1641 glodytis
574 1573 808 1641 myrrha
820 1572 1126 1626 confertur.
1145 1571 1365 1624 Insulae
1378 1576 1510 1624 ante
1519 1576 1745 1638 portum
1761 1572 1930 1632 duae,
1985 1587 1986 1594 ¹

311 1642 701 1710 Pseudopylae
718 1649 1017 1698 vocantur:
1048 1642 1346 1693 interiores
1362 1640 1620 1703 totidem,
1639 1641 1852 1709 Pylae:
1871 1641 1932 1692 in

318 1710 504 1765 altera
523 1712 702 1765 stelae
719 1710 975 1779 lapideae
996 1711 1181 1763 literis
1202 1710 1430 1779 ignotis.
1448 1710 1612 1762 Ultra
1620 1711 1782 1761 sinus
1791 1711 1939 1764 Aba·

314 1781 461 1833 lites.
531 1782 724 1834 Insula
740 1780 999 1842 Diodori,
1044 1787 1102 1833 et
1123 1780 1269 1831 aliae
1291 1779 1577 1831 desertae:
1617 1793 1719 1846 per
1741 1781 1934 1833 conti·

315 1857 536 1903 nentem
560 1866 779 1919 quoque
800 1850 1052 1906 deserta:
1094 1848 1358 1917 oppidum
1380 1848 1565 1912 Gaza,
1602 1860 1939 1915 promonto-

313 1919 460 1971 rium
484 1925 544 1972 et
563 1927 759 1986 portus
769 1919 1126 1987 Mossylicus,
1148 1933 1256 1986 quo
1280 1917 1690 1974 cinnamomum
1711 1916 1941 1972 devehi·

317 1993 427 2041 tur.
498 1988 799 2057 Hucusque
820 1987 1094 2041 Sesostris
1116 1989 1420 2040 exercitum
1443 1985 1622 2039 duxit.

384 2056 570 2126 Aliqui
598 2072 769 2110 unum
789 2056 1121 2124 Aethiopiae
1154 2056 1417 2124 oppidum
1447 2055 1597 2108 ultra
1628 2064 1862 2124 ponunt
1885 2058 1941 2112 iu

316 2125 484 2180 litore
504 2125 809 2193 Baragaza.
881 2128 926 2178 A
947 2126 1256 2193 Mossylico
1279 2126 1668 2193 promontorio
1691 2127 1941 2179 Atlanti-

320 2208 440 2247 cum
477 2209 629 2247 mare
668 2195 912 2262 incipere
948 2195 1073 2246 vult
1101 2194 1266 2257 luha,
1305 2200 1528 2261 praeter
1546 2194 1940 2248 Mauritanias

318 2277 448 2314 suas
470 2262 678 2316 Gadeis
701 2279 873 2330 usque
892 2262 1265 2331 navigandum
1279 2264 1443 2319 Coro.
1467 2263 1640 2317 Cuius
1656 2268 1793 2318 tota
1815 2280 1941 2318 sen-

318 2333 495 2388 tentia
524 2330 631 2384 hoc
651 2334 711 2384 in
738 2332 865 2384 loco
886 2331 1268 2385 subtrahenda
1287 2347 1398 2384 non
1419 2337 1523 2386 est.
1593 2335 1641 2387 A
1659 2348 1938 2401 promon-

313 2402 462 2453 torio
480 2401 754 2464 Indorum,
776 2401 928 2467 quod
946 2407 1182 2454 vocatur
1200 2401 1530 2468 Lepteacra,
1551 2398 1622 2455 ab
1641 2403 1780 2455 aliis
1791 2404 1938 2457 Dre-

356 2483 516 2522 anum
531 2505 548 2532 ,
592 2469 855 2537 proponit
873 2475 1029 2521 recto
1065 2486 1229 2523 cursu
1251 2477 1473 2538 praeter
1492 2471 1775 2525 Exustam
1793 2508 1814 2536 ,
1866 2469 1939 2525 ad

317 2483 546 2600 &alchu
576 2538 816 2590 insulam
848 2536 1163 2604 quindecies
1194 2546 1434 2593 centena
1472 2541 1616 2592 mill.
1661 2556 1939 2609 passuum

321 2618 460 2658 esse.
517 2606 652 2658 Inde
673 2605 744 2657 ad
765 2606 950 2657 locum
976 2622 1139 2674 quem
1160 2615 1365 2661 vocant
1383 2608 1644 2673 Sceneos,
1678 2607 1943 2663 CCXXV

322 2672 402 2726 M.
439 2672 576 2729 Inde
615 2674 689 2727 ad
727 2674 970 2729 Insulam
1008 2676 1224 2742 Adanu,
1273 2684 1491 2733 centum
1523 2679 1945 2749 quinquaginta

1978 50 1987 105 i

1981 152 1987 185 1

1981 270 1987 327 Ι
