<?xml version="1.0" encoding="UTF-8"?>
<!DOCTYPE html PUBLIC "-//W3C//DTD XHTML 1.0 Transitional//EN"
    "http://www.w3.org/TR/xhtml1/DTD/xhtml1-transitional.dtd">
<html xmlns="http://www.w3.org/1999/xhtml" xml:lang="en" lang="en">
 <head>
  <title>
</title>
<meta http-equiv="Content-Type" content="text/html;charset=utf-8" />
  <meta name='ocr-system' content='tesseract 3.04.00' />
  <meta name='ocr-capabilities' content='ocr_page ocr_carea ocr_par ocr_line ocrx_word'/>
</head>
<body>
  <div class='ocr_page' id='page_1' title='image "./caiipliniisecun04plingoog_0383.png"; bbox 0 0 2009 3025; ppageno 0'>
   <div class='ocr_carea' id='block_1_1' title="bbox 214 142 1658 284">
    <p class='ocr_par' dir='ltr' id='par_1_1' title="bbox 214 142 1658 284">
     <span class='ocr_line' id='line_1_1' title="bbox 214 142 1658 284; baseline 0.005 -46"><span class='ocrx_word' id='word_1_1' title='bbox 214 245 219 251; x_wconf 57' lang='grc'><strong>,</strong></span> <span class='ocrx_word' id='word_1_2' title='bbox 272 181 576 240; x_wconf 65' lang='lat' dir='ltr'><strong>Nuus.</strong></span> <span class='ocrx_word' id='word_1_3' title='bbox 614 187 954 245; x_wconf 72' lang='lat' dir='ltr'><strong>ulsross.</strong></span> <span class='ocrx_word' id='word_1_4' title='bbox 990 188 1151 244; x_wconf 75' lang='lat' dir='ltr'><strong>ms.</strong></span> <span class='ocrx_word' id='word_1_5' title='bbox 1186 166 1421 284; x_wconf 60' lang='lat' dir='ltr'><strong>v1j315</strong></span> <span class='ocrx_word' id='word_1_6' title='bbox 1544 142 1658 245; x_wconf 71' lang='lat'><strong>37⁷¹</strong></span> 
     </span>
    </p>
   </div>
   <div class='ocr_carea' id='block_1_2' title="bbox 42 270 1639 415">
    <p class='ocr_par' dir='ltr' id='par_1_2' title="bbox 42 270 1639 415">
     <span class='ocr_line' id='line_1_2' title="bbox 49 270 1639 359; baseline 0.005 -19"><span class='ocrx_word' id='word_1_7' title='bbox 49 294 244 342; x_wconf 83' lang='lat' dir='ltr'><strong>monte</strong></span> <span class='ocrx_word' id='word_1_8' title='bbox 267 289 609 355; x_wconf 84' lang='lat' dir='ltr'><strong>Gambalido,</strong></span> <span class='ocrx_word' id='word_1_9' title='bbox 632 293 729 359; x_wconf 87' lang='lat' dir='ltr'><strong>qui</strong></span> <span class='ocrx_word' id='word_1_10' title='bbox 749 298 834 346; x_wconf 85' lang='lat' dir='ltr'><strong>est</strong></span> <span class='ocrx_word' id='word_1_11' title='bbox 854 295 1092 348; x_wconf 84' lang='lat' dir='ltr'><strong>Caucasi</strong></span> <span class='ocrx_word' id='word_1_12' title='bbox 1111 274 1324 348; x_wconf 56' lang='lat' dir='ltr'><strong>ramus}</strong></span> <span class='ocrx_word' id='word_1_13' title='bbox 1345 270 1475 347; x_wconf 86' lang='lat' dir='ltr'><strong>inde</strong></span> <span class='ocrx_word' id='word_1_14' title='bbox 1497 295 1639 348; x_wconf 89' lang='lat' dir='ltr'><strong>mol·</strong></span> 
     </span>
     <span class='ocr_line' id='line_1_3' title="bbox 42 359 879 415; baseline 0.006 -6"><span class='ocrx_word' id='word_1_15' title='bbox 42 359 260 409; x_wconf 88' lang='lat' dir='ltr'><strong>lissimo</strong></span> <span class='ocrx_word' id='word_1_16' title='bbox 282 361 522 411; x_wconf 85' lang='lat' dir='ltr'><strong>transitu</strong></span> <span class='ocrx_word' id='word_1_17' title='bbox 543 363 603 413; x_wconf 92' lang='lat' dir='ltr'><strong>in</strong></span> <span class='ocrx_word' id='word_1_18' title='bbox 623 361 879 415; x_wconf 61' lang='lat' dir='ltr'><strong>Bactrosss</strong></span> 
     </span>
    </p>
   </div>
   <div class='ocr_carea' id='block_1_3' title="bbox 109 427 1744 497">
    <p class='ocr_par' dir='ltr' id='par_1_3' title="bbox 109 427 1744 497">
     <span class='ocr_line' id='line_1_4' title="bbox 109 427 1744 497; baseline 0.004 -19"><span class='ocrx_word' id='word_1_19' title='bbox 109 427 388 479; x_wconf 76' lang='lat' dir='ltr'>Susianen</span> <span class='ocrx_word' id='word_1_20' title='bbox 409 429 479 481; x_wconf 88' lang='lat' dir='ltr'><strong>ab</strong></span> <span class='ocrx_word' id='word_1_21' title='bbox 492 430 789 497; x_wconf 81' lang='lat' dir='ltr'><strong>Elymaide</strong></span> <span class='ocrx_word' id='word_1_22' title='bbox 810 431 1169 483; x_wconf 78' lang='lat' dir='ltr'><strong>disterminat</strong></span> <span class='ocrx_word' id='word_1_23' title='bbox 1191 432 1368 484; x_wconf 87' lang='lat' dir='ltr'><strong>amnis</strong></span> <span class='ocrx_word' id='word_1_24' title='bbox 1383 430 1646 496; x_wconf 81' lang='lat' dir='ltr'><strong>Eulaeus,</strong></span> <span class='ocrx_word' id='word_1_25' title='bbox 1735 488 1744 491; x_wconf 68' lang='grc'><strong>,</strong></span> 
     </span>
    </p>
   </div>
   <div class='ocr_carea' id='block_1_4' title="bbox 38 497 1653 846">
    <p class='ocr_par' dir='ltr' id='par_1_4' title="bbox 38 497 1653 846">
     <span class='ocr_line' id='line_1_5' title="bbox 46 497 1645 569; baseline 0.003 -21"><span class='ocrx_word' id='word_1_26' title='bbox 46 504 209 548; x_wconf 88' lang='lat' dir='ltr'><strong>ortus</strong></span> <span class='ocrx_word' id='word_1_27' title='bbox 230 497 286 547; x_wconf 91' lang='lat' dir='ltr'><strong>in</strong></span> <span class='ocrx_word' id='word_1_28' title='bbox 307 497 509 563; x_wconf 82' lang='lat' dir='ltr'><strong>Medis,</strong></span> <span class='ocrx_word' id='word_1_29' title='bbox 529 498 858 569; x_wconf 77' lang='lat' dir='ltr'><strong>modicoque</strong></span> <span class='ocrx_word' id='word_1_30' title='bbox 880 500 1063 565; x_wconf 83' lang='lat' dir='ltr'><strong>spatio</strong></span> <span class='ocrx_word' id='word_1_31' title='bbox 1087 502 1341 552; x_wconf 84' lang='lat' dir='ltr'><strong>cuniculo</strong></span> <span class='ocrx_word' id='word_1_32' title='bbox 1368 502 1645 565; x_wconf 81' lang='lat' dir='ltr'><strong>conditus,</strong></span> 
     </span>
     <span class='ocr_line' id='line_1_6' title="bbox 40 564 1651 636; baseline 0.004 -20"><span class='ocrx_word' id='word_1_33' title='bbox 40 564 149 618; x_wconf 86' lang='lat' dir='ltr'><strong>hac</strong></span> <span class='ocrx_word' id='word_1_34' title='bbox 171 579 357 618; x_wconf 84' lang='lat' dir='ltr'><strong>rursus</strong></span> <span class='ocrx_word' id='word_1_35' title='bbox 381 574 624 630; x_wconf 73' lang='lat' dir='ltr'><strong>exortus,</strong></span> <span class='ocrx_word' id='word_1_36' title='bbox 663 575 725 621; x_wconf 88' lang='lat' dir='ltr'><strong>et</strong></span> <span class='ocrx_word' id='word_1_37' title='bbox 748 584 848 636; x_wconf 86' lang='lat' dir='ltr'><strong>per</strong></span> <span class='ocrx_word' id='word_1_38' title='bbox 868 569 1278 627; x_wconf 63' lang='lat' dir='ltr'><strong>Mesobatenen„</strong></span> <span class='ocrx_word' id='word_1_39' title='bbox 1296 568 1506 636; x_wconf 88' lang='lat' dir='ltr'><strong>lapsus,</strong></span> <span class='ocrx_word' id='word_1_40' title='bbox 1546 571 1651 622; x_wconf 79' lang='lat' dir='ltr'><strong>cir-</strong></span> 
     </span>
     <span class='ocr_line' id='line_1_7' title="bbox 42 634 1647 705; baseline 0.002 -18"><span class='ocrx_word' id='word_1_41' title='bbox 42 634 170 687; x_wconf 83' lang='lat' dir='ltr'><strong>cuit·</strong></span> <span class='ocrx_word' id='word_1_42' title='bbox 188 650 369 686; x_wconf 84' lang='lat' dir='ltr'><strong>arcem</strong></span> <span class='ocrx_word' id='word_1_43' title='bbox 395 634 680 698; x_wconf 69' lang='lat' dir='ltr'><strong>Susdrum,</strong></span> <span class='ocrx_word' id='word_1_44' title='bbox 702 653 770 690; x_wconf 85' lang='lat' dir='ltr'><strong>ac</strong></span> <span class='ocrx_word' id='word_1_45' title='bbox 790 638 1007 692; x_wconf 85' lang='lat' dir='ltr'><strong>Dianae</strong></span> <span class='ocrx_word' id='word_1_46' title='bbox 1031 637 1299 704; x_wconf 89' lang='lat' dir='ltr'><strong>templum</strong></span> <span class='ocrx_word' id='word_1_47' title='bbox 1321 639 1647 705; x_wconf 82' lang='lat' dir='ltr'><strong>augustissi-</strong></span> 
     </span>
     <span class='ocr_line' id='line_1_8' title="bbox 38 703 1646 773; baseline 0.001 -17"><span class='ocrx_word' id='word_1_48' title='bbox 38 718 201 756; x_wconf 87' lang='lat' dir='ltr'><strong>mum</strong></span> <span class='ocrx_word' id='word_1_49' title='bbox 220 703 331 755; x_wconf 86' lang='lat' dir='ltr'><strong>illis</strong></span> <span class='ocrx_word' id='word_1_50' title='bbox 351 707 627 771; x_wconf 84' lang='lat' dir='ltr'><strong>gentibus,</strong></span> <span class='ocrx_word' id='word_1_51' title='bbox 649 713 705 758; x_wconf 90' lang='lat' dir='ltr'><strong>et</strong></span> <span class='ocrx_word' id='word_1_52' title='bbox 723 707 843 773; x_wconf 92' lang='lat' dir='ltr'><strong>ipse</strong></span> <span class='ocrx_word' id='word_1_53' title='bbox 861 709 919 758; x_wconf 91' lang='lat' dir='ltr'><strong>in</strong></span> <span class='ocrx_word' id='word_1_54' title='bbox 941 716 1144 773; x_wconf 83' lang='lat' dir='ltr'><strong>magna</strong></span> <span class='ocrx_word' id='word_1_55' title='bbox 1162 708 1517 761; x_wconf 78' lang='lat' dir='ltr'><strong>caerimonia.</strong></span> <span class='ocrx_word' id='word_1_56' title='bbox 1562 707 1646 760; x_wconf 70' lang='lat' dir='ltr'><strong>st-</strong></span> 
     </span>
     <span class='ocr_line' id='line_1_9' title="bbox 42 772 1653 846; baseline 0.002 -21"><span class='ocrx_word' id='word_1_57' title='bbox 42 772 273 840; x_wconf 84' lang='lat' dir='ltr'><strong>quidem</strong></span> <span class='ocrx_word' id='word_1_58' title='bbox 294 788 454 841; x_wconf 82' lang='lat' dir='ltr'><strong>reges</strong></span> <span class='ocrx_word' id='word_1_59' title='bbox 476 789 585 826; x_wconf 90' lang='lat' dir='ltr'><strong>non</strong></span> <span class='ocrx_word' id='word_1_60' title='bbox 608 791 677 827; x_wconf 83' lang='lat' dir='ltr'><strong>ex</strong></span> <span class='ocrx_word' id='word_1_61' title='bbox 699 776 812 828; x_wconf 83' lang='lat' dir='ltr'><strong>alio</strong></span> <span class='ocrx_word' id='word_1_62' title='bbox 834 775 1060 836; x_wconf 88' lang='lat' dir='ltr'><strong>bibunt,</strong></span> <span class='ocrx_word' id='word_1_63' title='bbox 1103 782 1160 827; x_wconf 90' lang='lat' dir='ltr'><strong>et</strong></span> <span class='ocrx_word' id='word_1_64' title='bbox 1180 776 1250 827; x_wconf 91' lang='lat' dir='ltr'><strong>ob</strong></span> <span class='ocrx_word' id='word_1_65' title='bbox 1273 775 1327 827; x_wconf 89' lang='lat' dir='ltr'><strong>id</strong></span> <span class='ocrx_word' id='word_1_66' title='bbox 1351 777 1410 827; x_wconf 89' lang='lat' dir='ltr'><strong>in</strong></span> <span class='ocrx_word' id='word_1_67' title='bbox 1431 777 1653 846; x_wconf 82' lang='lat' dir='ltr'><strong>longin-</strong></span> 
     </span>
    </p>
   </div>
   <div class='ocr_carea' id='block_1_5' title="bbox 40 842 1752 911">
    <p class='ocr_par' dir='ltr' id='par_1_5' title="bbox 40 842 1752 911">
     <span class='ocr_line' id='line_1_10' title="bbox 40 842 1752 911; baseline 0.002 -17"><span class='ocrx_word' id='word_1_68' title='bbox 40 858 160 910; x_wconf 80' lang='lat' dir='ltr'><strong>qua</strong></span> <span class='ocrx_word' id='word_1_69' title='bbox 201 847 444 908; x_wconf 75' lang='lat' dir='ltr'><strong>portant.</strong></span> <span class='ocrx_word' id='word_1_70' title='bbox 510 844 732 911; x_wconf 78' lang='lat' dir='ltr'><strong>Recipit</strong></span> <span class='ocrx_word' id='word_1_71' title='bbox 771 859 988 897; x_wconf 89' lang='lat' dir='ltr'><strong>amnem</strong></span> <span class='ocrx_word' id='word_1_72' title='bbox 1030 842 1387 911; x_wconf 83' lang='lat' dir='ltr'><strong>Hedypnum‚</strong></span> <span class='ocrx_word' id='word_1_73' title='bbox 1427 852 1653 911; x_wconf 83' lang='lat' dir='ltr'><strong>praeter</strong></span> <span class='ocrx_word' id='word_1_74' title='bbox 1745 854 1752 865; x_wconf 72' lang='grc'><em>’</em></span> 
     </span>
    </p>
   </div>
   <div class='ocr_carea' id='block_1_6' title="bbox 16 910 1751 2787">
    <p class='ocr_par' dir='ltr' id='par_1_6' title="bbox 16 910 1751 2787">
     <span class='ocr_line' id='line_1_11' title="bbox 36 910 1648 979; baseline 0.001 -14"><span class='ocrx_word' id='word_1_75' title='bbox 36 910 278 979; x_wconf 77' lang='lat' dir='ltr'><strong>Asylum</strong></span> <span class='ocrx_word' id='word_1_76' title='bbox 300 911 593 966; x_wconf 78' lang='lat' dir='ltr'><strong>Persarum</strong></span> <span class='ocrx_word' id='word_1_77' title='bbox 634 914 964 976; x_wconf 81' lang='lat' dir='ltr'><strong>venientem,</strong></span> <span class='ocrx_word' id='word_1_78' title='bbox 1000 911 1255 965; x_wconf 84' lang='lat' dir='ltr'><strong>Adunam</strong></span> <span class='ocrx_word' id='word_1_79' title='bbox 1287 928 1359 965; x_wconf 82' lang='lat' dir='ltr'><strong>ex</strong></span> <span class='ocrx_word' id='word_1_80' title='bbox 1376 912 1648 966; x_wconf 86' lang='lat' dir='ltr'><strong>Susianis.</strong></span> 
     </span>
     <span class='ocr_line' id='line_1_12' title="bbox 38 979 1690 1049; baseline 0.001 -17"><span class='ocrx_word' id='word_1_81' title='bbox 38 979 327 1048; x_wconf 87' lang='lat' dir='ltr'><strong>Oppidum</strong></span> <span class='ocrx_word' id='word_1_82' title='bbox 365 981 526 1034; x_wconf 83' lang='lat' dir='ltr'><strong>iuxta</strong></span> <span class='ocrx_word' id='word_1_83' title='bbox 565 996 690 1035; x_wconf 89' lang='lat' dir='ltr'><strong>eum</strong></span> <span class='ocrx_word' id='word_1_84' title='bbox 731 982 943 1049; x_wconf 85' lang='lat' dir='ltr'><strong>Magoa</strong></span> <span class='ocrx_word' id='word_1_85' title='bbox 958 1015 978 1044; x_wconf 86' lang='lat'><strong>,</strong></span> <span class='ocrx_word' id='word_1_86' title='bbox 1016 996 1052 1035; x_wconf 89' lang='lat' dir='ltr'><strong>a</strong></span> <span class='ocrx_word' id='word_1_87' title='bbox 1072 979 1320 1034; x_wconf 80' lang='lat' dir='ltr'><strong>Charace</strong></span> <span class='ocrx_word' id='word_1_88' title='bbox 1362 981 1471 1036; x_wconf 86' lang='lat' dir='ltr'><strong>XV</strong></span> <span class='ocrx_word' id='word_1_89' title='bbox 1511 983 1650 1034; x_wconf 89' lang='lat' dir='ltr'><strong>mill.</strong></span> <span class='ocrx_word' id='word_1_90' title='bbox 1687 1006 1690 1013; x_wconf 92' lang='lat'>·</span> 
     </span>
     <span class='ocr_line' id='line_1_13' title="bbox 35 1050 1651 1120; baseline -0.001 -17"><span class='ocrx_word' id='word_1_91' title='bbox 35 1065 326 1118; x_wconf 79' lang='lat' dir='ltr'><strong>passuum.</strong></span> <span class='ocrx_word' id='word_1_92' title='bbox 380 1050 617 1115; x_wconf 76' lang='lat' dir='ltr'><strong>Quidam</strong></span> <span class='ocrx_word' id='word_1_93' title='bbox 658 1050 766 1104; x_wconf 92' lang='lat' dir='ltr'><strong>hoc</strong></span> <span class='ocrx_word' id='word_1_94' title='bbox 802 1052 867 1104; x_wconf 85' lang='lat' dir='ltr'><strong>in</strong></span> <span class='ocrx_word' id='word_1_95' title='bbox 883 1056 1141 1106; x_wconf 77' lang='lat' dir='ltr'><strong>extrema</strong></span> <span class='ocrx_word' id='word_1_96' title='bbox 1163 1050 1402 1109; x_wconf 73' lang='lat' dir='ltr'><strong>Susiane</strong></span> <span class='ocrx_word' id='word_1_97' title='bbox 1434 1059 1651 1120; x_wconf 70' lang='lat' dir='ltr'><strong>ponunt</strong></span> 
     </span>
     <span class='ocr_line' id='line_1_14' title="bbox 33 1118 1685 1188; baseline 0.002 -14"><span class='ocrx_word' id='word_1_98' title='bbox 33 1118 445 1174; x_wconf 81' lang='lat' dir='ltr'><strong>solitudinibus</strong></span> <span class='ocrx_word' id='word_1_99' title='bbox 464 1120 798 1188; x_wconf 83' lang='lat' dir='ltr'><strong>proximum.</strong></span> <span class='ocrx_word' id='word_1_100' title='bbox 1666 1155 1685 1167; x_wconf 74' lang='lat'><em>—</em></span> 
     </span>
     <span class='ocr_line' id='line_1_15' title="bbox 102 1188 1651 1261; baseline 0 -20"><span class='ocrx_word' id='word_1_101' title='bbox 102 1188 269 1241; x_wconf 86' lang='lat' dir='ltr'><strong>lnfra</strong></span> <span class='ocrx_word' id='word_1_102' title='bbox 291 1189 561 1242; x_wconf 83' lang='lat' dir='ltr'><strong>Eulaeum</strong></span> <span class='ocrx_word' id='word_1_103' title='bbox 581 1190 838 1259; x_wconf 76' lang='lat' dir='ltr'><strong>Elymais</strong></span> <span class='ocrx_word' id='word_1_104' title='bbox 859 1197 962 1255; x_wconf 85' lang='lat' dir='ltr'><strong>est,</strong></span> <span class='ocrx_word' id='word_1_105' title='bbox 1002 1195 1065 1261; x_wconf 85' lang='lat' dir='ltr'><strong>in</strong></span> <span class='ocrx_word' id='word_1_106' title='bbox 1090 1204 1192 1243; x_wconf 86' lang='lat' dir='ltr'><strong>ora</strong></span> <span class='ocrx_word' id='word_1_107' title='bbox 1208 1191 1396 1244; x_wconf 79' lang='lat' dir='ltr'><strong>iuncta</strong></span> <span class='ocrx_word' id='word_1_108' title='bbox 1413 1189 1651 1255; x_wconf 84' lang='lat' dir='ltr'><strong>Persidi,</strong></span> 
     </span>
     <span class='ocr_line' id='line_1_16' title="bbox 37 1259 1680 1327; baseline -0.001 -15"><span class='ocrx_word' id='word_1_109' title='bbox 37 1277 68 1312; x_wconf 86' lang='lat' dir='ltr'><strong>a</strong></span> <span class='ocrx_word' id='word_1_110' title='bbox 85 1259 321 1319; x_wconf 80' lang='lat' dir='ltr'><strong>flumine</strong></span> <span class='ocrx_word' id='word_1_111' title='bbox 343 1260 545 1311; x_wconf 78' lang='lat' dir='ltr'><strong>Oronti</strong></span> <span class='ocrx_word' id='word_1_112' title='bbox 564 1260 633 1313; x_wconf 86' lang='lat' dir='ltr'><strong>ad</strong></span> <span class='ocrx_word' id='word_1_113' title='bbox 652 1260 974 1325; x_wconf 72' lang='lat' dir='ltr'><strong>Characeni,</strong></span> <span class='ocrx_word' id='word_1_114' title='bbox 995 1260 1184 1313; x_wconf 86' lang='lat' dir='ltr'><strong>CCXL</strong></span> <span class='ocrx_word' id='word_1_115' title='bbox 1205 1261 1345 1313; x_wconf 86' lang='lat' dir='ltr'><strong>mill.</strong></span> <span class='ocrx_word' id='word_1_116' title='bbox 1371 1275 1650 1327; x_wconf 76' lang='lat' dir='ltr'><strong>passuum.</strong></span> <span class='ocrx_word' id='word_1_117' title='bbox 1677 1260 1680 1263; x_wconf 73' lang='grc'>’</span> 
     </span>
     <span class='ocr_line' id='line_1_17' title="bbox 36 1326 1654 1396; baseline -0.001 -16"><span class='ocrx_word' id='word_1_118' title='bbox 36 1326 270 1395; x_wconf 86' lang='lat' dir='ltr'><strong>Oppida</strong></span> <span class='ocrx_word' id='word_1_119' title='bbox 307 1329 445 1388; x_wconf 86' lang='lat' dir='ltr'><strong>eius,</strong></span> <span class='ocrx_word' id='word_1_120' title='bbox 492 1327 767 1391; x_wconf 84' lang='lat' dir='ltr'><strong>Seleucia,</strong></span> <span class='ocrx_word' id='word_1_121' title='bbox 809 1336 868 1380; x_wconf 87' lang='lat' dir='ltr'><strong>et</strong></span> <span class='ocrx_word' id='word_1_122' title='bbox 889 1329 1156 1390; x_wconf 76' lang='lat' dir='ltr'><strong>Sosii-ate,</strong></span> <span class='ocrx_word' id='word_1_123' title='bbox 1194 1333 1452 1396; x_wconf 87' lang='lat' dir='ltr'><strong>apposita</strong></span> <span class='ocrx_word' id='word_1_124' title='bbox 1471 1330 1654 1381; x_wconf 81' lang='lat' dir='ltr'><strong>monti</strong></span> 
     </span>
     <span class='ocr_line' id='line_1_18' title="bbox 16 1395 1652 1464; baseline 0.001 -15"><span class='ocrx_word' id='word_1_125' title='bbox 16 1396 280 1464; x_wconf 69' lang='lat' dir='ltr'><strong>‘Casyrm</strong></span> <span class='ocrx_word' id='word_1_126' title='bbox 351 1395 542 1457; x_wconf 78' lang='lat' dir='ltr'><strong>Oram,</strong></span> <span class='ocrx_word' id='word_1_127' title='bbox 580 1409 727 1461; x_wconf 81' lang='lat' dir='ltr'><strong>quae</strong></span> <span class='ocrx_word' id='word_1_128' title='bbox 764 1398 1062 1463; x_wconf 87' lang='lat' dir='ltr'><strong>praeiacet,</strong></span> <span class='ocrx_word' id='word_1_129' title='bbox 1096 1395 1369 1448; x_wconf 88' lang='lat' dir='ltr'><strong>minorum</strong></span> <span class='ocrx_word' id='word_1_130' title='bbox 1396 1397 1652 1463; x_wconf 81' lang='lat' dir='ltr'><strong>Syrtium</strong></span> 
     </span>
     <span class='ocr_line' id='line_1_19' title="bbox 33 1464 1655 1533; baseline 0 -14"><span class='ocrx_word' id='word_1_131' title='bbox 33 1468 169 1519; x_wconf 76' lang='lat' dir='ltr'><strong>vice</strong></span> <span class='ocrx_word' id='word_1_132' title='bbox 194 1464 435 1517; x_wconf 84' lang='lat' dir='ltr'><strong>diximus</strong></span> <span class='ocrx_word' id='word_1_133' title='bbox 460 1465 797 1518; x_wconf 84' lang='lat' dir='ltr'><strong>inaccessam</strong></span> <span class='ocrx_word' id='word_1_134' title='bbox 812 1478 1020 1529; x_wconf 81' lang='lat' dir='ltr'><strong>coeno,</strong></span> <span class='ocrx_word' id='word_1_135' title='bbox 1041 1465 1336 1533; x_wconf 88' lang='lat' dir='ltr'><strong>plurimum</strong></span> <span class='ocrx_word' id='word_1_136' title='bbox 1356 1464 1484 1522; x_wconf 83' lang='lat' dir='ltr'><strong>limi</strong></span> <span class='ocrx_word' id='word_1_137' title='bbox 1503 1464 1655 1519; x_wconf 84' lang='lat' dir='ltr'><strong>defe-</strong></span> 
     </span>
     <span class='ocr_line' id='line_1_20' title="bbox 24 1534 1655 1601; baseline -0.001 -11"><span class='ocrx_word' id='word_1_138' title='bbox 24 1537 297 1590; x_wconf 74' lang='lat' dir='ltr'><strong>rentibus</strong></span> <span class='ocrx_word' id='word_1_139' title='bbox 315 1534 513 1586; x_wconf 80' lang='lat' dir='ltr'><strong>Brixia</strong></span> <span class='ocrx_word' id='word_1_140' title='bbox 535 1539 592 1585; x_wconf 91' lang='lat' dir='ltr'><strong>et</strong></span> <span class='ocrx_word' id='word_1_141' title='bbox 611 1536 852 1589; x_wconf 88' lang='lat' dir='ltr'><strong>Ortacea</strong></span> <span class='ocrx_word' id='word_1_142' title='bbox 870 1536 1125 1587; x_wconf 84' lang='lat' dir='ltr'><strong>amnibus</strong></span> <span class='ocrx_word' id='word_1_143' title='bbox 1145 1552 1159 1585; x_wconf 85' lang='lat'>=</span> <span class='ocrx_word' id='word_1_144' title='bbox 1183 1534 1441 1587; x_wconf 84' lang='lat' dir='ltr'><strong>madente</strong></span> <span class='ocrx_word' id='word_1_145' title='bbox 1460 1538 1655 1601; x_wconf 84' lang='lat' dir='ltr'><strong>etipsa</strong></span> 
     </span>
     <span class='ocr_line' id='line_1_21' title="bbox 27 1603 1654 1673; baseline -0.002 -15"><span class='ocrx_word' id='word_1_146' title='bbox 27 1604 345 1673; x_wconf 81' lang='lat' dir='ltr'><strong>Elymaide</strong></span> <span class='ocrx_word' id='word_1_147' title='bbox 367 1604 421 1655; x_wconf 88' lang='lat' dir='ltr'><strong>in</strong></span> <span class='ocrx_word' id='word_1_148' title='bbox 443 1609 679 1667; x_wconf 87' lang='lat' dir='ltr'><strong>tantum,</strong></span> <span class='ocrx_word' id='word_1_149' title='bbox 698 1612 761 1657; x_wconf 89' lang='lat' dir='ltr'><strong>ut</strong></span> <span class='ocrx_word' id='word_1_150' title='bbox 778 1604 964 1657; x_wconf 84' lang='lat' dir='ltr'><strong>nullus</strong></span> <span class='ocrx_word' id='word_1_151' title='bbox 987 1605 1083 1666; x_wconf 87' lang='lat' dir='ltr'><strong>sit,</strong></span> <span class='ocrx_word' id='word_1_152' title='bbox 1125 1603 1233 1654; x_wconf 86' lang='lat' dir='ltr'><strong>nisi</strong></span> <span class='ocrx_word' id='word_1_153' title='bbox 1256 1604 1494 1656; x_wconf 86' lang='lat' dir='ltr'><strong>circuitu</strong></span> <span class='ocrx_word' id='word_1_154' title='bbox 1514 1606 1654 1664; x_wconf 85' lang='lat' dir='ltr'><strong>eius,</strong></span> 
     </span>
     <span class='ocr_line' id='line_1_22' title="bbox 23 1672 1652 1740; baseline -0.004 -9"><span class='ocrx_word' id='word_1_155' title='bbox 23 1675 106 1731; x_wconf 74' lang='lat' dir='ltr'><strong>ad</strong></span> <span class='ocrx_word' id='word_1_156' title='bbox 138 1673 423 1726; x_wconf 81' lang='lat' dir='ltr'><strong>Persidem</strong></span> <span class='ocrx_word' id='word_1_157' title='bbox 448 1672 650 1725; x_wconf 83' lang='lat' dir='ltr'><strong>aditus.</strong></span> <span class='ocrx_word' id='word_1_158' title='bbox 721 1674 1030 1726; x_wconf 75' lang='lat' dir='ltr'><strong>Infestatur</strong></span> <span class='ocrx_word' id='word_1_159' title='bbox 1052 1679 1109 1725; x_wconf 82' lang='lat' dir='ltr'><strong>et</strong></span> <span class='ocrx_word' id='word_1_160' title='bbox 1126 1673 1497 1739; x_wconf 86' lang='lat' dir='ltr'><strong>serpentibus,</strong></span> <span class='ocrx_word' id='word_1_161' title='bbox 1511 1687 1652 1740; x_wconf 77' lang='lat' dir='ltr'><strong>quos</strong></span> 
     </span>
     <span class='ocr_line' id='line_1_23' title="bbox 25 1737 1652 1809; baseline -0.001 -13"><span class='ocrx_word' id='word_1_162' title='bbox 25 1745 280 1796; x_wconf 83' lang='lat' dir='ltr'><strong>flumina</strong></span> <span class='ocrx_word' id='word_1_163' title='bbox 298 1743 614 1809; x_wconf 86' lang='lat' dir='ltr'><strong>deportant.</strong></span> <span class='ocrx_word' id='word_1_164' title='bbox 689 1740 827 1794; x_wconf 89' lang='lat' dir='ltr'><strong>Pars</strong></span> <span class='ocrx_word' id='word_1_165' title='bbox 847 1744 968 1793; x_wconf 80' lang='lat' dir='ltr'><strong>eius</strong></span> <span class='ocrx_word' id='word_1_166' title='bbox 990 1737 1235 1795; x_wconf 81' lang='lat' dir='ltr'><strong>maxime</strong></span> <span class='ocrx_word' id='word_1_167' title='bbox 1256 1743 1432 1805; x_wconf 81' lang='lat' dir='ltr'><strong>invia,</strong></span> <span class='ocrx_word' id='word_1_168' title='bbox 1450 1742 1652 1795; x_wconf 88' lang='lat' dir='ltr'><strong>Chara-</strong></span> 
     </span>
     <span class='ocr_line' id='line_1_24' title="bbox 27 1810 1654 1878; baseline -0.001 -11"><span class='ocrx_word' id='word_1_169' title='bbox 27 1828 180 1867; x_wconf 84' lang='lat' dir='ltr'><strong>cene</strong></span> <span class='ocrx_word' id='word_1_170' title='bbox 201 1818 435 1866; x_wconf 80' lang='lat' dir='ltr'><strong>vocatur</strong></span> <span class='ocrx_word' id='word_1_171' title='bbox 456 1812 525 1864; x_wconf 88' lang='lat' dir='ltr'><strong>ab</strong></span> <span class='ocrx_word' id='word_1_172' title='bbox 549 1810 768 1878; x_wconf 86' lang='lat' dir='ltr'><strong>oppido,</strong></span> <span class='ocrx_word' id='word_1_173' title='bbox 790 1810 1031 1866; x_wconf 82' lang='lat' dir='ltr'><strong>Arabiae</strong></span> <span class='ocrx_word' id='word_1_174' title='bbox 1054 1811 1349 1863; x_wconf 82' lang='lat' dir='ltr'><strong>claudente</strong></span> <span class='ocrx_word' id='word_1_175' title='bbox 1368 1826 1559 1878; x_wconf 86' lang='lat' dir='ltr'><strong>regna,</strong></span> <span class='ocrx_word' id='word_1_176' title='bbox 1582 1810 1654 1866; x_wconf 85' lang='lat' dir='ltr'><strong>de</strong></span> 
     </span>
     <span class='ocr_line' id='line_1_25' title="bbox 68 1878 1654 1951; baseline -0.001 -18"><span class='ocrx_word' id='word_1_177' title='bbox 68 1895 156 1936; x_wconf 85' lang='lat' dir='ltr'><strong>uo</strong></span> <span class='ocrx_word' id='word_1_178' title='bbox 181 1881 453 1943; x_wconf 79' lang='lat' dir='ltr'><strong>dicemus,</strong></span> <span class='ocrx_word' id='word_1_179' title='bbox 493 1882 752 1947; x_wconf 83' lang='lat' dir='ltr'><strong>exposita</strong></span> <span class='ocrx_word' id='word_1_180' title='bbox 773 1879 929 1948; x_wconf 88' lang='lat' dir='ltr'><strong>prius</strong></span> <span class='ocrx_word' id='word_1_181' title='bbox 952 1881 1034 1931; x_wconf 87' lang='grc' dir='ltr'><strong>Μ.</strong></span> <span class='ocrx_word' id='word_1_182' title='bbox 1053 1878 1332 1946; x_wconf 79' lang='lat' dir='ltr'><strong>Agrippae</strong></span> <span class='ocrx_word' id='word_1_183' title='bbox 1356 1882 1654 1951; x_wconf 71' lang='lat' dir='ltr'><strong>sententia.</strong></span> 
     </span>
     <span class='ocr_line' id='line_1_26' title="bbox 87 1946 1671 2018; baseline -0.003 -15"><span class='ocrx_word' id='word_1_184' title='bbox 87 1966 301 2018; x_wconf 81' lang='lat' dir='ltr'><strong>amque</strong></span> <span class='ocrx_word' id='word_1_185' title='bbox 339 1953 388 2002; x_wconf 93' lang='lat' dir='ltr'><strong>is</strong></span> <span class='ocrx_word' id='word_1_186' title='bbox 430 1949 676 2003; x_wconf 85' lang='lat' dir='ltr'><strong>Mediam</strong></span> <span class='ocrx_word' id='word_1_187' title='bbox 714 1956 772 2003; x_wconf 78' lang='lat' dir='ltr'><strong>et</strong></span> <span class='ocrx_word' id='word_1_188' title='bbox 815 1948 1101 2002; x_wconf 85' lang='lat' dir='ltr'><strong>Parthiam</strong></span> <span class='ocrx_word' id='word_1_189' title='bbox 1124 1982 1140 2009; x_wconf 91' lang='lat'><strong>,</strong></span> <span class='ocrx_word' id='word_1_190' title='bbox 1181 1952 1241 2000; x_wconf 86' lang='lat' dir='ltr'><strong>et</strong></span> <span class='ocrx_word' id='word_1_191' title='bbox 1281 1946 1564 2002; x_wconf 88' lang='lat' dir='ltr'><strong>Persidem</strong></span> <span class='ocrx_word' id='word_1_192' title='bbox 1583 1948 1671 1999; x_wconf 73' lang='lat' dir='ltr'><strong>ab:</strong></span> 
     </span>
     <span class='ocr_line' id='line_1_27' title="bbox 28 2017 1657 2086; baseline -0.002 -13"><span class='ocrx_word' id='word_1_193' title='bbox 28 2024 269 2073; x_wconf 85' lang='lat' dir='ltr'><strong>oriente</strong></span> <span class='ocrx_word' id='word_1_194' title='bbox 310 2019 468 2083; x_wconf 84' lang='lat' dir='ltr'><strong>ludo,</strong></span> <span class='ocrx_word' id='word_1_195' title='bbox 512 2019 584 2073; x_wconf 90' lang='lat' dir='ltr'><strong>ab</strong></span> <span class='ocrx_word' id='word_1_196' title='bbox 627 2019 919 2072; x_wconf 82' lang='lat' dir='ltr'><strong>occidente</strong></span> <span class='ocrx_word' id='word_1_197' title='bbox 959 2017 1139 2086; x_wconf 87' lang='lat' dir='ltr'><strong>Tigri,</strong></span> <span class='ocrx_word' id='word_1_198' title='bbox 1181 2032 1217 2068; x_wconf 87' lang='lat' dir='ltr'><strong>a</strong></span> <span class='ocrx_word' id='word_1_199' title='bbox 1256 2019 1657 2085; x_wconf 77' lang='lat' dir='ltr'><strong>septemtrione</strong></span> 
     </span>
     <span class='ocr_line' id='line_1_28' title="bbox 27 2085 1658 2151; baseline -0.003 -8"><span class='ocrx_word' id='word_1_200' title='bbox 27 2093 261 2151; x_wconf 81' lang='lat' dir='ltr'><strong>&#39;l&#39;auro,</strong></span> <span class='ocrx_word' id='word_1_201' title='bbox 301 2091 579 2151; x_wconf 85' lang='lat' dir='ltr'><strong>Caucaso,</strong></span> <span class='ocrx_word' id='word_1_202' title='bbox 621 2104 657 2141; x_wconf 89' lang='lat' dir='ltr'><strong>a</strong></span> <span class='ocrx_word' id='word_1_203' title='bbox 677 2088 914 2141; x_wconf 86' lang='lat' dir='ltr'><strong>meridie</strong></span> <span class='ocrx_word' id='word_1_204' title='bbox 934 2085 1124 2140; x_wconf 83' lang='lat' dir='ltr'><strong>Rubro</strong></span> <span class='ocrx_word' id='word_1_205' title='bbox 1143 2087 1289 2139; x_wconf 85' lang='lat' dir='ltr'><strong>mari</strong></span> <span class='ocrx_word' id='word_1_206' title='bbox 1309 2089 1658 2149; x_wconf 88' lang='lat' dir='ltr'><strong>terminatas,</strong></span> 
     </span>
     <span class='ocr_line' id='line_1_29' title="bbox 27 2155 1656 2228; baseline -0.003 -16"><span class='ocrx_word' id='word_1_207' title='bbox 27 2165 246 2228; x_wconf 80' lang='lat' dir='ltr'><strong>patere</strong></span> <span class='ocrx_word' id='word_1_208' title='bbox 266 2159 327 2210; x_wconf 89' lang='lat' dir='ltr'><strong>in</strong></span> <span class='ocrx_word' id='word_1_209' title='bbox 351 2157 758 2225; x_wconf 85' lang='lat' dir='ltr'><strong>longitudinem</strong></span> <span class='ocrx_word' id='word_1_210' title='bbox 774 2165 863 2211; x_wconf 87' lang='lat' dir='ltr'><strong>ter</strong></span> <span class='ocrx_word' id='word_1_211' title='bbox 882 2164 942 2210; x_wconf 91' lang='lat' dir='ltr'><strong>et</strong></span> <span class='ocrx_word' id='word_1_212' title='bbox 954 2156 1141 2209; x_wconf 88' lang='lat' dir='ltr'><strong>decies</strong></span> <span class='ocrx_word' id='word_1_213' title='bbox 1155 2162 1386 2212; x_wconf 83' lang='lat' dir='ltr'><strong>centena</strong></span> <span class='ocrx_word' id='word_1_214' title='bbox 1397 2157 1503 2209; x_wconf 85' lang='lat' dir='ltr'><strong>XX</strong></span> <span class='ocrx_word' id='word_1_215' title='bbox 1515 2155 1656 2207; x_wconf 82' lang='lat' dir='ltr'><strong>mill.</strong></span> 
     </span>
     <span class='ocr_line' id='line_1_30' title="bbox 25 2224 1659 2298; baseline -0.002 -17"><span class='ocrx_word' id='word_1_216' title='bbox 25 2244 196 2298; x_wconf 85' lang='lat' dir='ltr'><strong>pass.</strong></span> <span class='ocrx_word' id='word_1_217' title='bbox 224 2226 285 2280; x_wconf 90' lang='lat' dir='ltr'><strong>in</strong></span> <span class='ocrx_word' id='word_1_218' title='bbox 314 2226 676 2281; x_wconf 84' lang='lat' dir='ltr'><strong>latitudinem</strong></span> <span class='ocrx_word' id='word_1_219' title='bbox 707 2227 996 2281; x_wconf 62' lang='lat' dir='ltr'><strong>Dcccxl,</strong></span> <span class='ocrx_word' id='word_1_220' title='bbox 1016 2224 1285 2293; x_wconf 84' lang='lat' dir='ltr'><strong>prodidit.</strong></span> <span class='ocrx_word' id='word_1_221' title='bbox 1355 2225 1659 2278; x_wconf 78' lang='lat' dir='ltr'><strong>Praeterea</strong></span> 
     </span>
     <span class='ocr_line' id='line_1_31' title="bbox 23 2294 1660 2366; baseline -0.004 -16"><span class='ocrx_word' id='word_1_222' title='bbox 23 2314 146 2366; x_wconf 84' lang='lat' dir='ltr'><strong>per</strong></span> <span class='ocrx_word' id='word_1_223' title='bbox 186 2312 253 2349; x_wconf 92' lang='lat' dir='ltr'><strong>se</strong></span> <span class='ocrx_word' id='word_1_224' title='bbox 275 2297 746 2364; x_wconf 87' lang='lat' dir='ltr'><strong>Mesopotamiam</strong></span> <span class='ocrx_word' id='word_1_225' title='bbox 788 2297 858 2349; x_wconf 85' lang='lat' dir='ltr'><strong>ab</strong></span> <span class='ocrx_word' id='word_1_226' title='bbox 899 2295 1115 2348; x_wconf 87' lang='lat' dir='ltr'><strong>oriente</strong></span> <span class='ocrx_word' id='word_1_227' title='bbox 1137 2295 1322 2361; x_wconf 79' lang='lat' dir='ltr'><strong>Tigri,</strong></span> <span class='ocrx_word' id='word_1_228' title='bbox 1361 2294 1431 2347; x_wconf 87' lang='lat' dir='ltr'><strong>ab</strong></span> <span class='ocrx_word' id='word_1_229' title='bbox 1455 2309 1660 2350; x_wconf 78' lang='lat' dir='ltr'><strong>occasu</strong></span> 
     </span>
     <span class='ocr_line' id='line_1_32' title="bbox 28 2363 1661 2435; baseline -0.004 -15"><span class='ocrx_word' id='word_1_230' title='bbox 28 2364 374 2433; x_wconf 77' lang='lat' dir='ltr'><strong>Euphrate,</strong></span> <span class='ocrx_word' id='word_1_231' title='bbox 414 2382 448 2419; x_wconf 89' lang='lat' dir='ltr'><strong>a</strong></span> <span class='ocrx_word' id='word_1_232' title='bbox 482 2366 882 2435; x_wconf 83' lang='lat' dir='ltr'><strong>septemtrione</strong></span> <span class='ocrx_word' id='word_1_233' title='bbox 919 2366 1141 2426; x_wconf 86' lang='lat' dir='ltr'><strong>Tauro,</strong></span> <span class='ocrx_word' id='word_1_234' title='bbox 1178 2378 1215 2418; x_wconf 79' lang='grc' dir='ltr'><strong>ο,</strong></span> <span class='ocrx_word' id='word_1_235' title='bbox 1241 2364 1486 2418; x_wconf 55' lang='lat' dir='ltr'><strong>‘meridie</strong></span> <span class='ocrx_word' id='word_1_236' title='bbox 1513 2363 1661 2414; x_wconf 80' lang='lat' dir='ltr'><strong>mari</strong></span> 
     </span>
     <span class='ocr_line' id='line_1_33' title="bbox 26 2430 1655 2503; baseline -0.004 -14"><span class='ocrx_word' id='word_1_237' title='bbox 26 2435 284 2489; x_wconf 80' lang='lat' dir='ltr'><strong>Persico</strong></span> <span class='ocrx_word' id='word_1_238' title='bbox 317 2434 609 2497; x_wconf 81' lang='lat' dir='ltr'><strong>inclusam,</strong></span> <span class='ocrx_word' id='word_1_239' title='bbox 650 2432 1004 2503; x_wconf 78' lang='lat' dir='ltr'><strong>longitudine</strong></span> <span class='ocrx_word' id='word_1_240' title='bbox 1031 2435 1480 2500; x_wconf 69' lang='lat' dir='ltr'><strong>octingentorum</strong></span> <span class='ocrx_word' id='word_1_241' title='bbox 1517 2430 1655 2485; x_wconf 79' lang='lat' dir='ltr'><strong>mill.</strong></span> 
     </span>
     <span class='ocr_line' id='line_1_34' title="bbox 20 2504 1596 2574; baseline -0.001 -18"><span class='ocrx_word' id='word_1_242' title='bbox 20 2520 188 2574; x_wconf 75' lang='lat' dir='ltr'><strong>pass.</strong></span> <span class='ocrx_word' id='word_1_243' title='bbox 211 2504 517 2558; x_wconf 83' lang='lat' dir='ltr'><strong>latitudine</strong></span> <span class='ocrx_word' id='word_1_244' title='bbox 541 2505 794 2558; x_wconf 81' lang='lat' dir='ltr'><strong>CCCLX.</strong></span> <span class='ocrx_word' id='word_1_245' title='bbox 1253 2561 1256 2564; x_wconf 16' lang='grc' dir='ltr'><strong>Δ</strong></span> <span class='ocrx_word' id='word_1_246' title='bbox 1575 2523 1596 2554; x_wconf 72' lang='grc' dir='ltr'><strong><em>ε</em></strong></span> 
     </span>
     <span class='ocr_line' id='line_1_35' title="bbox 108 2572 1660 2641; baseline -0.002 -14"><span class='ocrx_word' id='word_1_247' title='bbox 108 2575 363 2636; x_wconf 83' lang='lat' dir='ltr'><strong>Charax,</strong></span> <span class='ocrx_word' id='word_1_248' title='bbox 388 2574 652 2641; x_wconf 86' lang='lat' dir='ltr'><strong>oppidum</strong></span> <span class='ocrx_word' id='word_1_249' title='bbox 671 2573 883 2628; x_wconf 86' lang='lat' dir='ltr'><strong>Persici</strong></span> <span class='ocrx_word' id='word_1_250' title='bbox 901 2574 1057 2627; x_wconf 85' lang='lat' dir='ltr'><strong>sinus</strong></span> <span class='ocrx_word' id='word_1_251' title='bbox 1072 2572 1342 2634; x_wconf 83' lang='lat' dir='ltr'><strong>intimum,</strong></span> <span class='ocrx_word' id='word_1_252' title='bbox 1362 2584 1516 2640; x_wconf 79' lang='lat' dir='ltr'><strong>aquo</strong></span> <span class='ocrx_word' id='word_1_253' title='bbox 1528 2572 1660 2626; x_wconf 82' lang='lat' dir='ltr'><strong>Ara·</strong></span> 
     </span>
     <span class='ocr_line' id='line_1_36' title="bbox 28 2640 1664 2712; baseline -0.004 -15"><span class='ocrx_word' id='word_1_254' title='bbox 28 2646 140 2697; x_wconf 77' lang='lat' dir='ltr'><strong>‘bia</strong></span> <span class='ocrx_word' id='word_1_255' title='bbox 163 2643 502 2696; x_wconf 82' lang='lat' dir='ltr'><strong>Eudaemon</strong></span> <span class='ocrx_word' id='word_1_256' title='bbox 538 2645 934 2712; x_wconf 72' lang='lat' dir='ltr'><strong>cognominata</strong></span> <span class='ocrx_word' id='word_1_257' title='bbox 974 2645 1237 2705; x_wconf 79' lang='lat' dir='ltr'><strong>excurrit,</strong></span> <span class='ocrx_word' id='word_1_258' title='bbox 1275 2640 1562 2694; x_wconf 86' lang='lat' dir='ltr'><strong>habitatur</strong></span> <span class='ocrx_word' id='word_1_259' title='bbox 1600 2641 1664 2693; x_wconf 86' lang='lat' dir='ltr'><strong>in</strong></span> 
     </span>
     <span class='ocr_line' id='line_1_37' title="bbox 29 2709 1751 2787; baseline -0.003 -20"><span class='ocrx_word' id='word_1_260' title='bbox 29 2713 196 2767; x_wconf 86' lang='lat' dir='ltr'><strong>colle</strong></span> <span class='ocrx_word' id='word_1_261' title='bbox 242 2725 415 2771; x_wconf 86' lang='lat' dir='ltr'><strong>manu</strong></span> <span class='ocrx_word' id='word_1_262' title='bbox 443 2710 595 2765; x_wconf 78' lang='lat' dir='ltr'><strong>facto</strong></span> <span class='ocrx_word' id='word_1_263' title='bbox 636 2713 786 2768; x_wconf 86' lang='lat' dir='ltr'><strong>inter</strong></span> <span class='ocrx_word' id='word_1_264' title='bbox 815 2711 1175 2777; x_wconf 79' lang='lat' dir='ltr'><strong>confluentes,</strong></span> <span class='ocrx_word' id='word_1_265' title='bbox 1218 2710 1422 2770; x_wconf 79' lang='lat' dir='ltr'><strong>dextra</strong></span> <span class='ocrx_word' id='word_1_266' title='bbox 1443 2710 1661 2787; x_wconf 76' lang='lat' dir='ltr'><strong>Tigrin,</strong></span> <span class='ocrx_word' id='word_1_267' title='bbox 1743 2709 1751 2718; x_wconf 90' lang='lat'>&#39;</span> 
     </span>
    </p>
   </div>
  </div>
 </body>
</html>
