<?xml version="1.0" encoding="UTF-8"?>
<!DOCTYPE html PUBLIC "-//W3C//DTD XHTML 1.0 Transitional//EN"
    "http://www.w3.org/TR/xhtml1/DTD/xhtml1-transitional.dtd">
<html xmlns="http://www.w3.org/1999/xhtml" xml:lang="en" lang="en">
 <head>
  <title>
</title>
<meta http-equiv="Content-Type" content="text/html;charset=utf-8" />
  <meta name='ocr-system' content='tesseract 3.04.00' />
  <meta name='ocr-capabilities' content='ocr_page ocr_carea ocr_par ocr_line ocrx_word'/>
</head>
<body>
  <div class='ocr_page' id='page_1' title='image "./caiipliniisecun04plingoog_0359.png"; bbox 0 0 2009 3025; ppageno 0'>
   <div class='ocr_carea' id='block_1_1' title="bbox 211 168 1666 273">
    <p class='ocr_par' dir='ltr' id='par_1_1' title="bbox 211 168 1666 273">
     <span class='ocr_line' id='line_1_1' title="bbox 211 168 1666 273; baseline 0.005 -29"><span class='ocrx_word' id='word_1_1' title='bbox 211 180 515 273; x_wconf 75' lang='lat' dir='ltr'>NA&#39;ruR.</span> <span class='ocrx_word' id='word_1_2' title='bbox 567 191 909 246; x_wconf 76' lang='lat' dir='ltr'>ulsToR.</span> <span class='ocrx_word' id='word_1_3' title='bbox 946 168 1107 245; x_wconf 59' lang='lat'><strong>1213}</strong></span> <span class='ocrx_word' id='word_1_4' title='bbox 1142 190 1234 244; x_wconf 79' lang='lat' dir='ltr'>vl.</span> <span class='ocrx_word' id='word_1_5' title='bbox 1272 191 1378 245; x_wconf 84' lang='lat'>16-</span> <span class='ocrx_word' id='word_1_6' title='bbox 1404 191 1487 246; x_wconf 85' lang='lat'>18.</span> <span class='ocrx_word' id='word_1_7' title='bbox 1560 194 1666 252; x_wconf 75' lang='lat'>35³</span> 
     </span>
    </p>
   </div>
   <div class='ocr_carea' id='block_1_2' title="bbox 12 282 1758 2843">
    <p class='ocr_par' dir='ltr' id='par_1_2' title="bbox 72 282 1756 432">
     <span class='ocr_line' id='line_1_2' title="bbox 74 282 1756 365; baseline 0.002 -18"><span class='ocrx_word' id='word_1_8' title='bbox 74 295 290 361; x_wconf 80' lang='lat' dir='ltr'>CCCGL</span> <span class='ocrx_word' id='word_1_9' title='bbox 310 297 393 347; x_wconf 75' lang='lat' dir='ltr'>M.</span> <span class='ocrx_word' id='word_1_10' title='bbox 408 310 694 362; x_wconf 75' lang='lat' dir='ltr'>passuumz</span> <span class='ocrx_word' id='word_1_11' title='bbox 720 296 952 358; x_wconf 85' lang='lat' dir='ltr'>totidem</span> <span class='ocrx_word' id='word_1_12' title='bbox 966 296 1037 347; x_wconf 90' lang='lat' dir='ltr'>ab</span> <span class='ocrx_word' id='word_1_13' title='bbox 1047 296 1347 348; x_wconf 85' lang='lat' dir='ltr'>Ecbatanis</span> <span class='ocrx_word' id='word_1_14' title='bbox 1357 296 1666 365; x_wconf 78' lang='lat' dir='ltr'>Medorum,</span> <span class='ocrx_word' id='word_1_15' title='bbox 1749 282 1756 289; x_wconf 58' lang='grc'><em>’</em></span> 
     </span>
     <span class='ocr_line' id='line_1_3' title="bbox 72 367 1515 432; baseline -0.001 -15"><span class='ocrx_word' id='word_1_16' title='bbox 72 379 293 430; x_wconf 87' lang='lat' dir='ltr'>quorum</span> <span class='ocrx_word' id='word_1_17' title='bbox 327 380 456 431; x_wconf 87' lang='lat' dir='ltr'>pars</span> <span class='ocrx_word' id='word_1_18' title='bbox 480 373 607 416; x_wconf 85' lang='lat' dir='ltr'>sunt</span> <span class='ocrx_word' id='word_1_19' title='bbox 638 367 984 432; x_wconf 81' lang='lat' dir='ltr'>Atrapateni.</span> <span class='ocrx_word' id='word_1_20' title='bbox 1375 377 1382 383; x_wconf 85' lang='lat'><strong>·</strong></span> <span class='ocrx_word' id='word_1_21' title='bbox 1512 420 1515 425; x_wconf 56' lang='grc'>,</span> 
     </span>
    </p>

    <p class='ocr_par' dir='ltr' id='par_1_3' title="bbox 12 433 1758 1314">
     <span class='ocr_line' id='line_1_4' title="bbox 137 433 1758 500; baseline 0.001 -16"><span class='ocrx_word' id='word_1_22' title='bbox 137 434 302 486; x_wconf 88' lang='lat' dir='ltr'>XVll.</span> <span class='ocrx_word' id='word_1_23' title='bbox 330 435 614 486; x_wconf 82' lang='lat' dir='ltr'>Ecbatana</span> <span class='ocrx_word' id='word_1_24' title='bbox 636 443 802 500; x_wconf 86' lang='lat' dir='ltr'>caput</span> <span class='ocrx_word' id='word_1_25' title='bbox 826 437 1046 486; x_wconf 85' lang='lat' dir='ltr'>Mediae</span> <span class='ocrx_word' id='word_1_26' title='bbox 1070 433 1333 486; x_wconf 84' lang='lat' dir='ltr'>Seleucus</span> <span class='ocrx_word' id='word_1_27' title='bbox 1357 448 1457 487; x_wconf 79' lang='lat' dir='ltr'>rex</span> <span class='ocrx_word' id='word_1_28' title='bbox 1482 436 1666 486; x_wconf 86' lang='lat' dir='ltr'>condi·</span> <span class='ocrx_word' id='word_1_29' title='bbox 1749 488 1758 492; x_wconf 60' lang='grc'><em>,</em></span> 
     </span>
     <span class='ocr_line' id='line_1_5' title="bbox 67 502 1660 571; baseline 0.001 -17"><span class='ocrx_word' id='word_1_30' title='bbox 67 502 170 554; x_wconf 87' lang='lat' dir='ltr'>dit:</span> <span class='ocrx_word' id='word_1_31' title='bbox 215 518 247 553; x_wconf 86' lang='lat' dir='ltr'>a</span> <span class='ocrx_word' id='word_1_32' title='bbox 281 503 534 554; x_wconf 82' lang='lat' dir='ltr'>Seleucia</span> <span class='ocrx_word' id='word_1_33' title='bbox 565 520 766 571; x_wconf 86' lang='lat' dir='ltr'>magna</span> <span class='ocrx_word' id='word_1_34' title='bbox 789 505 978 556; x_wconf 84' lang='lat' dir='ltr'>DCCL</span> <span class='ocrx_word' id='word_1_35' title='bbox 1004 505 1083 556; x_wconf 88' lang='grc' dir='ltr'>Μ.</span> <span class='ocrx_word' id='word_1_36' title='bbox 1114 519 1404 569; x_wconf 82' lang='lat' dir='ltr'>passuum:</span> <span class='ocrx_word' id='word_1_37' title='bbox 1428 519 1461 553; x_wconf 86' lang='lat' dir='ltr'>a</span> <span class='ocrx_word' id='word_1_38' title='bbox 1483 506 1660 569; x_wconf 85' lang='lat' dir='ltr'>portis</span> 
     </span>
     <span class='ocr_line' id='line_1_6' title="bbox 65 573 1664 640; baseline 0.002 -18"><span class='ocrx_word' id='word_1_39' title='bbox 65 586 193 623; x_wconf 72' lang='lat' dir='ltr'>vero</span> <span class='ocrx_word' id='word_1_40' title='bbox 216 573 422 638; x_wconf 81' lang='lat' dir='ltr'>Caspiis</span> <span class='ocrx_word' id='word_1_41' title='bbox 441 574 608 624; x_wconf 81' lang='lat' dir='ltr'>vicies</span> <span class='ocrx_word' id='word_1_42' title='bbox 630 576 872 625; x_wconf 80' lang='lat' dir='ltr'><strong>centenis</strong></span> <span class='ocrx_word' id='word_1_43' title='bbox 894 573 971 623; x_wconf 90' lang='lat' dir='ltr'>M.</span> <span class='ocrx_word' id='word_1_44' title='bbox 994 573 1234 640; x_wconf 84' lang='lat' dir='ltr'>Reliqua</span> <span class='ocrx_word' id='word_1_45' title='bbox 1255 574 1545 623; x_wconf 78' lang='lat' dir='ltr'>Medorum</span> <span class='ocrx_word' id='word_1_46' title='bbox 1569 588 1664 639; x_wconf 88' lang='lat' dir='ltr'>op·</span> 
     </span>
     <span class='ocr_line' id='line_1_7' title="bbox 12 639 1659 710; baseline 0.001 -19"><span class='ocrx_word' id='word_1_47' title='bbox 12 654 15 657; x_wconf 86' lang='lat'>·</span> <span class='ocrx_word' id='word_1_48' title='bbox 64 641 210 707; x_wconf 87' lang='lat' dir='ltr'>pida‚</span> <span class='ocrx_word' id='word_1_49' title='bbox 232 640 508 703; x_wconf 85' lang='lat' dir='ltr'>Phazaca,</span> <span class='ocrx_word' id='word_1_50' title='bbox 535 645 858 710; x_wconf 59' lang='lat' dir='ltr'>Aganagaga,</span> <span class='ocrx_word' id='word_1_51' title='bbox 880 644 1114 709; x_wconf 83' lang='lat' dir='ltr'>Apamia</span> <span class='ocrx_word' id='word_1_52' title='bbox 1137 639 1434 708; x_wconf 79' lang='lat' dir='ltr'>Rhaphane</span> <span class='ocrx_word' id='word_1_53' title='bbox 1457 657 1659 709; x_wconf 85' lang='lat' dir='ltr'>cogno-</span> 
     </span>
     <span class='ocr_line' id='line_1_8' title="bbox 65 711 1686 779; baseline 0.001 -19"><span class='ocrx_word' id='word_1_54' title='bbox 65 711 290 761; x_wconf 84' lang='lat' dir='ltr'>minata.</span> <span class='ocrx_word' id='word_1_55' title='bbox 352 713 535 779; x_wconf 81' lang='lat' dir='ltr'>Causa</span> <span class='ocrx_word' id='word_1_56' title='bbox 568 719 853 778; x_wconf 84' lang='lat' dir='ltr'>portarum</span> <span class='ocrx_word' id='word_1_57' title='bbox 878 713 1117 763; x_wconf 90' lang='lat' dir='ltr'>nominis</span> <span class='ocrx_word' id='word_1_58' title='bbox 1140 711 1360 772; x_wconf 84' lang='lat' dir='ltr'>eadem,</span> <span class='ocrx_word' id='word_1_59' title='bbox 1405 726 1546 778; x_wconf 88' lang='lat' dir='ltr'>quae</span> <span class='ocrx_word' id='word_1_60' title='bbox 1567 726 1686 763; x_wconf 88' lang='lat' dir='ltr'>su·-</span> 
     </span>
     <span class='ocr_line' id='line_1_9' title="bbox 65 780 1663 847; baseline 0.001 -18"><span class='ocrx_word' id='word_1_61' title='bbox 65 780 527 847; x_wconf 10' lang='lat' dir='ltr'>pra‚rinterruptis</span> <span class='ocrx_word' id='word_1_62' title='bbox 544 789 781 847; x_wconf 81' lang='lat' dir='ltr'>angusto</span> <span class='ocrx_word' id='word_1_63' title='bbox 806 783 1041 832; x_wconf 84' lang='lat' dir='ltr'>transitu</span> <span class='ocrx_word' id='word_1_64' title='bbox 1069 781 1229 845; x_wconf 86' lang='lat' dir='ltr'>iugis,</span> <span class='ocrx_word' id='word_1_65' title='bbox 1252 780 1335 831; x_wconf 84' lang='lat' dir='ltr'>ita</span> <span class='ocrx_word' id='word_1_66' title='bbox 1355 787 1419 829; x_wconf 91' lang='lat' dir='ltr'>ut</span> <span class='ocrx_word' id='word_1_67' title='bbox 1440 781 1527 830; x_wconf 84' lang='lat' dir='ltr'>vix</span> <span class='ocrx_word' id='word_1_68' title='bbox 1554 781 1663 830; x_wconf 79' lang='lat' dir='ltr'>sin-</span> 
     </span>
     <span class='ocr_line' id='line_1_10' title="bbox 63 844 1662 918; baseline 0 -20"><span class='ocrx_word' id='word_1_69' title='bbox 63 849 195 915; x_wconf 85' lang='lat' dir='ltr'>gula</span> <span class='ocrx_word' id='word_1_70' title='bbox 216 858 396 901; x_wconf 86' lang='lat' dir='ltr'>meent</span> <span class='ocrx_word' id='word_1_71' title='bbox 434 851 707 915; x_wconf 87' lang='lat' dir='ltr'>plaustra,</span> <span class='ocrx_word' id='word_1_72' title='bbox 742 844 1092 918; x_wconf 79' lang='lat' dir='ltr'>longitudine</span> <span class='ocrx_word' id='word_1_73' title='bbox 1122 850 1252 902; x_wconf 83' lang='lat' dir='ltr'>vul</span> <span class='ocrx_word' id='word_1_74' title='bbox 1271 848 1349 899; x_wconf 85' lang='lat' dir='ltr'>M.</span> <span class='ocrx_word' id='word_1_75' title='bbox 1383 864 1662 913; x_wconf 81' lang='lat' dir='ltr'>passuum,</span> 
     </span>
     <span class='ocr_line' id='line_1_11' title="bbox 61 919 1662 984; baseline -0.002 -17"><span class='ocrx_word' id='word_1_76' title='bbox 61 924 182 968; x_wconf 87' lang='lat' dir='ltr'>toto</span> <span class='ocrx_word' id='word_1_77' title='bbox 208 932 374 983; x_wconf 87' lang='lat' dir='ltr'>opere</span> <span class='ocrx_word' id='word_1_78' title='bbox 396 933 556 969; x_wconf 89' lang='lat' dir='ltr'>manu</span> <span class='ocrx_word' id='word_1_79' title='bbox 581 919 749 970; x_wconf 83' lang='lat' dir='ltr'>facto.</span> <span class='ocrx_word' id='word_1_80' title='bbox 770 920 990 971; x_wconf 86' lang='lat' dir='ltr'>Dextra</span> <span class='ocrx_word' id='word_1_81' title='bbox 1014 921 1279 984; x_wconf 72' lang='lat' dir='ltr'>laevaque</span> <span class='ocrx_word' id='word_1_82' title='bbox 1300 919 1571 968; x_wconf 78' lang='lat' dir='ltr'>ambustis</span> <span class='ocrx_word' id='word_1_83' title='bbox 1590 919 1662 968; x_wconf 88' lang='lat' dir='ltr'>si.</span> 
     </span>
     <span class='ocr_line' id='line_1_12' title="bbox 14 987 1662 1055; baseline 0 -19"><span class='ocrx_word' id='word_1_84' title='bbox 14 996 15 999; x_wconf 77' lang='grc'>’</span> <span class='ocrx_word' id='word_1_85' title='bbox 62 988 218 1038; x_wconf 73' lang='lat' dir='ltr'>miles</span> <span class='ocrx_word' id='word_1_86' title='bbox 240 989 554 1053; x_wconf 89' lang='lat' dir='ltr'>impendent</span> <span class='ocrx_word' id='word_1_87' title='bbox 575 988 821 1054; x_wconf 82' lang='lat' dir='ltr'>scopuli,</span> <span class='ocrx_word' id='word_1_88' title='bbox 850 990 1074 1040; x_wconf 86' lang='lat' dir='ltr'>sitiente</span> <span class='ocrx_word' id='word_1_89' title='bbox 1097 994 1282 1055; x_wconf 83' lang='lat' dir='ltr'>tractu</span> <span class='ocrx_word' id='word_1_90' title='bbox 1305 1003 1405 1053; x_wconf 87' lang='lat' dir='ltr'>per</span> <span class='ocrx_word' id='word_1_91' title='bbox 1424 987 1662 1040; x_wconf 86' lang='lat' dir='ltr'>XXVlll</span> 
     </span>
     <span class='ocr_line' id='line_1_13' title="bbox 60 1057 1661 1125; baseline 0.002 -21"><span class='ocrx_word' id='word_1_92' title='bbox 60 1057 136 1111; x_wconf 86' lang='lat' dir='ltr'>M.</span> <span class='ocrx_word' id='word_1_93' title='bbox 170 1071 440 1122; x_wconf 84' lang='lat' dir='ltr'>passuum.</span> <span class='ocrx_word' id='word_1_94' title='bbox 514 1058 812 1125; x_wconf 84' lang='lat' dir='ltr'>Angustias</span> <span class='ocrx_word' id='word_1_95' title='bbox 853 1058 1091 1123; x_wconf 84' lang='lat' dir='ltr'>impedit</span> <span class='ocrx_word' id='word_1_96' title='bbox 1126 1058 1434 1109; x_wconf 71' lang='lat' dir='ltr'>corrivatus</span> <span class='ocrx_word' id='word_1_97' title='bbox 1464 1057 1599 1107; x_wconf 87' lang='lat' dir='ltr'>salis</span> <span class='ocrx_word' id='word_1_98' title='bbox 1631 1073 1661 1108; x_wconf 84' lang='lat' dir='ltr'>e</span> 
     </span>
     <span class='ocr_line' id='line_1_14' title="bbox 61 1125 1666 1194; baseline 0.001 -18"><span class='ocrx_word' id='word_1_99' title='bbox 61 1125 308 1176; x_wconf 85' lang='lat' dir='ltr'>cautibus</span> <span class='ocrx_word' id='word_1_100' title='bbox 339 1128 546 1193; x_wconf 88' lang='lat' dir='ltr'>liquor,</span> <span class='ocrx_word' id='word_1_101' title='bbox 591 1135 759 1194; x_wconf 88' lang='lat' dir='ltr'>atque</span> <span class='ocrx_word' id='word_1_102' title='bbox 795 1129 987 1178; x_wconf 74' lang='lat' dir='ltr'>eadem</span> <span class='ocrx_word' id='word_1_103' title='bbox 1036 1127 1286 1179; x_wconf 85' lang='lat' dir='ltr'>emissus.</span> <span class='ocrx_word' id='word_1_104' title='bbox 1359 1126 1666 1178; x_wconf 84' lang='lat' dir='ltr'>Praeterea</span> 
     </span>
     <span class='ocr_line' id='line_1_15' title="bbox 60 1196 1659 1260; baseline 0.001 -15"><span class='ocrx_word' id='word_1_105' title='bbox 60 1196 395 1260; x_wconf 74' lang='lat' dir='ltr'>serpentium</span> <span class='ocrx_word' id='word_1_106' title='bbox 437 1196 763 1260; x_wconf 83' lang='lat' dir='ltr'>multitudo,</span> <span class='ocrx_word' id='word_1_107' title='bbox 802 1199 911 1248; x_wconf 88' lang='lat' dir='ltr'>nisi</span> <span class='ocrx_word' id='word_1_108' title='bbox 956 1196 1138 1248; x_wconf 77' lang='lat' dir='ltr'>hieme</span> <span class='ocrx_word' id='word_1_109' title='bbox 1155 1233 1172 1260; x_wconf 90' lang='lat'><em>,</em></span> <span class='ocrx_word' id='word_1_110' title='bbox 1212 1199 1507 1249; x_wconf 80' lang='lat' dir='ltr'>transitum</span> <span class='ocrx_word' id='word_1_111' title='bbox 1549 1211 1659 1246; x_wconf 89' lang='lat' dir='ltr'>non</span> 
     </span>
     <span class='ocr_line' id='line_1_16' title="bbox 60 1265 861 1314; baseline 0 0"><span class='ocrx_word' id='word_1_112' title='bbox 60 1265 211 1314; x_wconf 81' lang='lat' dir='ltr'>sini&#39;t.</span> <span class='ocrx_word' id='word_1_113' title='bbox 853 1274 861 1281; x_wconf 83' lang='grc'><strong><em>’</em></strong></span> 
     </span>
    </p>

    <p class='ocr_par' dir='ltr' id='par_1_4' title="bbox 35 1332 1704 2646">
     <span class='ocr_line' id='line_1_17' title="bbox 125 1332 1660 1399; baseline -0.001 -15"><span class='ocrx_word' id='word_1_114' title='bbox 125 1332 422 1384; x_wconf 83' lang='lat' dir='ltr'>Adiabenis</span> <span class='ocrx_word' id='word_1_115' title='bbox 444 1341 848 1385; x_wconf 86' lang='lat' dir='ltr'>connectuntur</span> <span class='ocrx_word' id='word_1_116' title='bbox 880 1333 1155 1385; x_wconf 73' lang='lat' dir='ltr'>Carduchi</span> <span class='ocrx_word' id='word_1_117' title='bbox 1191 1334 1468 1399; x_wconf 86' lang='lat' dir='ltr'>quondam</span> <span class='ocrx_word' id='word_1_118' title='bbox 1503 1334 1660 1393; x_wconf 84' lang='lat' dir='ltr'>dicti,</span> 
     </span>
     <span class='ocr_line' id='line_1_18' title="bbox 59 1399 1662 1466; baseline -0.001 -14"><span class='ocrx_word' id='word_1_119' title='bbox 59 1417 202 1452; x_wconf 87' lang='lat' dir='ltr'>nunc</span> <span class='ocrx_word' id='word_1_120' title='bbox 225 1402 524 1462; x_wconf 73' lang='lat' dir='ltr'>Cordueni,</span> <span class='ocrx_word' id='word_1_121' title='bbox 538 1399 1071 1466; x_wconf 82' lang='lat' dir='ltr'>praefluente&#39;l&#39;igri:</span> <span class='ocrx_word' id='word_1_122' title='bbox 1099 1400 1183 1449; x_wconf 90' lang='lat' dir='ltr'>his</span> <span class='ocrx_word' id='word_1_123' title='bbox 1207 1402 1475 1461; x_wconf 80' lang='lat' dir='ltr'>Pratitae,</span> <span class='ocrx_word' id='word_1_124' title='bbox 1501 1401 1662 1451; x_wconf 86' lang='lat' dir='ltr'>Pare·</span> 
     </span>
     <span class='ocr_line' id='line_1_19' title="bbox 57 1469 1659 1538; baseline 0 -16"><span class='ocrx_word' id='word_1_125' title='bbox 57 1471 188 1522; x_wconf 88' lang='lat' dir='ltr'>doni</span> <span class='ocrx_word' id='word_1_126' title='bbox 213 1469 498 1538; x_wconf 83' lang='lat' dir='ltr'>appellati,</span> <span class='ocrx_word' id='word_1_127' title='bbox 521 1473 611 1537; x_wconf 89' lang='lat' dir='ltr'>qui</span> <span class='ocrx_word' id='word_1_128' title='bbox 634 1476 826 1522; x_wconf 84' lang='lat' dir='ltr'>tenent</span> <span class='ocrx_word' id='word_1_129' title='bbox 849 1470 1075 1535; x_wconf 87' lang='lat' dir='ltr'>Caspias</span> <span class='ocrx_word' id='word_1_130' title='bbox 1100 1475 1305 1536; x_wconf 85' lang='lat' dir='ltr'>portas.</span> <span class='ocrx_word' id='word_1_131' title='bbox 1333 1471 1408 1521; x_wconf 88' lang='lat' dir='ltr'>lis</span> <span class='ocrx_word' id='word_1_132' title='bbox 1429 1484 1462 1520; x_wconf 84' lang='lat' dir='ltr'>a</span> <span class='ocrx_word' id='word_1_133' title='bbox 1487 1469 1659 1522; x_wconf 86' lang='lat' dir='ltr'>latere</span> 
     </span>
     <span class='ocr_line' id='line_1_20' title="bbox 57 1538 1657 1605; baseline -0.003 -14"><span class='ocrx_word' id='word_1_134' title='bbox 57 1542 238 1593; x_wconf 89' lang='lat' dir='ltr'>altero</span> <span class='ocrx_word' id='word_1_135' title='bbox 274 1548 576 1591; x_wconf 88' lang='lat' dir='ltr'>occurrunt</span> <span class='ocrx_word' id='word_1_136' title='bbox 608 1540 831 1592; x_wconf 87' lang='lat' dir='ltr'>deserta</span> <span class='ocrx_word' id='word_1_137' title='bbox 856 1539 1117 1590; x_wconf 82' lang='lat' dir='ltr'>Parthiae</span> <span class='ocrx_word' id='word_1_138' title='bbox 1160 1545 1218 1588; x_wconf 87' lang='lat' dir='ltr'>et</span> <span class='ocrx_word' id='word_1_139' title='bbox 1248 1538 1469 1590; x_wconf 82' lang='lat' dir='ltr'>Citheni</span> <span class='ocrx_word' id='word_1_140' title='bbox 1509 1538 1657 1605; x_wconf 85' lang='lat' dir='ltr'>iuga.</span> 
     </span>
     <span class='ocr_line' id='line_1_21' title="bbox 52 1606 1658 1673; baseline -0.003 -12"><span class='ocrx_word' id='word_1_141' title='bbox 52 1611 192 1662; x_wconf 86' lang='lat' dir='ltr'>Mox</span> <span class='ocrx_word' id='word_1_142' title='bbox 226 1609 477 1669; x_wconf 76' lang='lat' dir='ltr'>eiusdem</span> <span class='ocrx_word' id='word_1_143' title='bbox 502 1610 763 1661; x_wconf 81' lang='lat' dir='ltr'>Parthiae</span> <span class='ocrx_word' id='word_1_144' title='bbox 784 1608 1213 1660; x_wconf 85' lang='lat' dir='ltr'>amoenissimus</span> <span class='ocrx_word' id='word_1_145' title='bbox 1248 1608 1426 1668; x_wconf 90' lang='lat' dir='ltr'>sinus,</span> <span class='ocrx_word' id='word_1_146' title='bbox 1451 1606 1542 1673; x_wconf 89' lang='lat' dir='ltr'>qui</span> <span class='ocrx_word' id='word_1_147' title='bbox 1565 1622 1658 1657; x_wconf 83' lang='lat' dir='ltr'>vo-</span> 
     </span>
     <span class='ocr_line' id='line_1_22' title="bbox 51 1674 1662 1742; baseline -0.004 -10"><span class='ocrx_word' id='word_1_148' title='bbox 51 1686 215 1732; x_wconf 81' lang='lat' dir='ltr'>catur</span> <span class='ocrx_word' id='word_1_149' title='bbox 238 1679 471 1730; x_wconf 85' lang='lat' dir='ltr'>Choara.</span> <span class='ocrx_word' id='word_1_150' title='bbox 519 1680 678 1730; x_wconf 88' lang='lat' dir='ltr'>Duae</span> <span class='ocrx_word' id='word_1_151' title='bbox 703 1679 866 1729; x_wconf 91' lang='lat' dir='ltr'>urbes</span> <span class='ocrx_word' id='word_1_152' title='bbox 891 1678 971 1729; x_wconf 89' lang='lat' dir='ltr'>ibi</span> <span class='ocrx_word' id='word_1_153' title='bbox 994 1674 1350 1738; x_wconf 87' lang='lat' dir='ltr'>Parthorum,</span> <span class='ocrx_word' id='word_1_154' title='bbox 1375 1674 1662 1742; x_wconf 83' lang='lat' dir='ltr'>oppositae</span> 
     </span>
     <span class='ocr_line' id='line_1_23' title="bbox 49 1745 1661 1818; baseline -0.004 -17"><span class='ocrx_word' id='word_1_155' title='bbox 49 1750 332 1818; x_wconf 85' lang='lat' dir='ltr'>quondam</span> <span class='ocrx_word' id='word_1_156' title='bbox 375 1745 584 1799; x_wconf 79' lang='lat' dir='ltr'>Medis:</span> <span class='ocrx_word' id='word_1_157' title='bbox 631 1749 883 1814; x_wconf 87' lang='lat' dir='ltr'>Calliope</span> <span class='ocrx_word' id='word_1_158' title='bbox 899 1783 914 1808; x_wconf 91' lang='lat'>,</span> <span class='ocrx_word' id='word_1_159' title='bbox 955 1752 1011 1798; x_wconf 90' lang='lat' dir='ltr'>et</span> <span class='ocrx_word' id='word_1_160' title='bbox 1052 1745 1167 1797; x_wconf 89' lang='lat' dir='ltr'>alia</span> <span class='ocrx_word' id='word_1_161' title='bbox 1205 1745 1261 1795; x_wconf 87' lang='lat' dir='ltr'>in</span> <span class='ocrx_word' id='word_1_162' title='bbox 1301 1760 1436 1811; x_wconf 82' lang='lat' dir='ltr'>rupe</span> <span class='ocrx_word' id='word_1_163' title='bbox 1470 1745 1661 1795; x_wconf 87' lang='lat' dir='ltr'>lssatis</span> 
     </span>
     <span class='ocr_line' id='line_1_24' title="bbox 48 1814 1661 1885; baseline -0.007 -14"><span class='ocrx_word' id='word_1_164' title='bbox 48 1819 353 1885; x_wconf 76' lang='lat' dir='ltr'>quondam.</span> <span class='ocrx_word' id='word_1_165' title='bbox 396 1817 573 1882; x_wconf 88' lang='lat' dir='ltr'>Ipsius</span> <span class='ocrx_word' id='word_1_166' title='bbox 595 1834 728 1868; x_wconf 80' lang='lat' dir='ltr'>vero</span> <span class='ocrx_word' id='word_1_167' title='bbox 748 1816 1008 1869; x_wconf 84' lang='lat' dir='ltr'>Parthiae</span> <span class='ocrx_word' id='word_1_168' title='bbox 1033 1820 1198 1881; x_wconf 87' lang='lat' dir='ltr'>caput</span> <span class='ocrx_word' id='word_1_169' title='bbox 1220 1814 1661 1878; x_wconf 82' lang='lat' dir='ltr'>Hecatompylos</span> 
     </span>
     <span class='ocr_line' id='line_1_25' title="bbox 49 1881 1660 1951; baseline -0.006 -11"><span class='ocrx_word' id='word_1_170' title='bbox 49 1889 216 1940; x_wconf 84' lang='lat' dir='ltr'>abest</span> <span class='ocrx_word' id='word_1_171' title='bbox 241 1903 275 1938; x_wconf 88' lang='lat' dir='ltr'>a</span> <span class='ocrx_word' id='word_1_172' title='bbox 298 1888 478 1951; x_wconf 87' lang='lat' dir='ltr'>portis</span> <span class='ocrx_word' id='word_1_173' title='bbox 505 1888 785 1939; x_wconf 85' lang='lat' dir='ltr'>CXXXlll</span> <span class='ocrx_word' id='word_1_174' title='bbox 805 1887 881 1936; x_wconf 84' lang='lat' dir='ltr'>M.</span> <span class='ocrx_word' id='word_1_175' title='bbox 903 1899 1179 1951; x_wconf 86' lang='lat' dir='ltr'>passuum.</span> <span class='ocrx_word' id='word_1_176' title='bbox 1220 1884 1307 1933; x_wconf 87' lang='lat' dir='ltr'>lta</span> <span class='ocrx_word' id='word_1_177' title='bbox 1330 1881 1660 1933; x_wconf 86' lang='lat' dir='ltr'>Parthorum</span> 
     </span>
     <span class='ocr_line' id='line_1_26' title="bbox 49 1953 1662 2023; baseline -0.007 -13"><span class='ocrx_word' id='word_1_178' title='bbox 49 1972 275 2023; x_wconf 79' lang='lat' dir='ltr'>quoque</span> <span class='ocrx_word' id='word_1_179' title='bbox 300 1971 476 2022; x_wconf 87' lang='lat' dir='ltr'>regna</span> <span class='ocrx_word' id='word_1_180' title='bbox 498 1955 708 2007; x_wconf 81' lang='lat' dir='ltr'>foribus</span> <span class='ocrx_word' id='word_1_181' title='bbox 730 1956 1133 2007; x_wconf 86' lang='lat' dir='ltr'>discluduntur.</span> <span class='ocrx_word' id='word_1_182' title='bbox 1193 1953 1464 2019; x_wconf 75' lang='lat' dir='ltr'>Egressos</span> <span class='ocrx_word' id='word_1_183' title='bbox 1488 1954 1662 2017; x_wconf 81' lang='lat' dir='ltr'>portis</span> 
     </span>
     <span class='ocr_line' id='line_1_27' title="bbox 46 2024 1661 2093; baseline -0.006 -15"><span class='ocrx_word' id='word_1_184' title='bbox 46 2024 994 2093; x_wconf 82' lang='lat' dir='ltr'>excipitprotinusgensCaspia‚ad</span> <span class='ocrx_word' id='word_1_185' title='bbox 1019 2025 1186 2073; x_wconf 88' lang='lat' dir='ltr'>litora</span> <span class='ocrx_word' id='word_1_186' title='bbox 1209 2036 1661 2089; x_wconf 85' lang='lat' dir='ltr'>usque,quaeno-</span> 
     </span>
     <span class='ocr_line' id='line_1_28' title="bbox 44 2091 1662 2162; baseline -0.004 -16"><span class='ocrx_word' id='word_1_187' title='bbox 44 2111 175 2148; x_wconf 86' lang='lat' dir='ltr'>men</span> <span class='ocrx_word' id='word_1_188' title='bbox 192 2095 372 2162; x_wconf 89' lang='lat' dir='ltr'>portis</span> <span class='ocrx_word' id='word_1_189' title='bbox 390 2091 446 2146; x_wconf 80' lang='lat' dir='ltr'>et</span> <span class='ocrx_word' id='word_1_190' title='bbox 460 2093 594 2145; x_wconf 85' lang='lat' dir='ltr'>mari</span> <span class='ocrx_word' id='word_1_191' title='bbox 609 2095 782 2146; x_wconf 87' lang='lat' dir='ltr'>dedit.</span> <span class='ocrx_word' id='word_1_192' title='bbox 805 2094 1010 2154; x_wconf 82' lang='lat' dir='ltr'>Laeva,</span> <span class='ocrx_word' id='word_1_193' title='bbox 1023 2101 1326 2144; x_wconf 86' lang='lat' dir='ltr'>montuosa.</span> <span class='ocrx_word' id='word_1_194' title='bbox 1360 2092 1439 2143; x_wconf 83' lang='lat' dir='ltr'>Ab</span> <span class='ocrx_word' id='word_1_195' title='bbox 1455 2106 1520 2141; x_wconf 81' lang='lat' dir='ltr'>ea</span> <span class='ocrx_word' id='word_1_196' title='bbox 1533 2105 1662 2155; x_wconf 73' lang='lat' dir='ltr'>gen-</span> 
     </span>
     <span class='ocr_line' id='line_1_29' title="bbox 41 2158 1660 2231; baseline -0.006 -14"><span class='ocrx_word' id='word_1_197' title='bbox 41 2172 100 2217; x_wconf 86' lang='lat' dir='ltr'>te</span> <span class='ocrx_word' id='word_1_198' title='bbox 131 2170 425 2216; x_wconf 87' lang='lat' dir='ltr'>retrorsus</span> <span class='ocrx_word' id='word_1_199' title='bbox 448 2165 520 2215; x_wconf 84' lang='lat' dir='ltr'>ad</span> <span class='ocrx_word' id='word_1_200' title='bbox 544 2166 746 2231; x_wconf 83' lang='lat' dir='ltr'>Cyrum</span> <span class='ocrx_word' id='word_1_201' title='bbox 780 2178 993 2215; x_wconf 85' lang='lat' dir='ltr'>amnem</span> <span class='ocrx_word' id='word_1_202' title='bbox 1026 2162 1336 2227; x_wconf 81' lang='lat' dir='ltr'>produntur</span> <span class='ocrx_word' id='word_1_203' title='bbox 1356 2158 1556 2211; x_wconf 88' lang='lat' dir='ltr'>CXXV</span> <span class='ocrx_word' id='word_1_204' title='bbox 1582 2158 1660 2208; x_wconf 70' lang='lat' dir='ltr'>M.</span> 
     </span>
     <span class='ocr_line' id='line_1_30' title="bbox 39 2226 1662 2301; baseline -0.006 -15"><span class='ocrx_word' id='word_1_205' title='bbox 39 2249 335 2301; x_wconf 86' lang='lat' dir='ltr'>passuum.</span> <span class='ocrx_word' id='word_1_206' title='bbox 361 2234 441 2284; x_wconf 86' lang='lat' dir='ltr'>Ab</span> <span class='ocrx_word' id='word_1_207' title='bbox 465 2232 657 2284; x_wconf 87' lang='lat' dir='ltr'>eodem</span> <span class='ocrx_word' id='word_1_208' title='bbox 681 2248 840 2284; x_wconf 88' lang='lat' dir='ltr'>amne</span> <span class='ocrx_word' id='word_1_209' title='bbox 864 2232 910 2282; x_wconf 89' lang='lat' dir='ltr'>si</span> <span class='ocrx_word' id='word_1_210' title='bbox 932 2233 1198 2282; x_wconf 86' lang='lat' dir='ltr'>subeatur</span> <span class='ocrx_word' id='word_1_211' title='bbox 1219 2229 1288 2280; x_wconf 88' lang='lat' dir='ltr'>ad</span> <span class='ocrx_word' id='word_1_212' title='bbox 1309 2234 1497 2294; x_wconf 86' lang='lat' dir='ltr'>portas</span> <span class='ocrx_word' id='word_1_213' title='bbox 1523 2226 1662 2278; x_wconf 90' lang='lat' dir='ltr'>DCC</span> 
     </span>
     <span class='ocr_line' id='line_1_31' title="bbox 38 2297 1664 2370; baseline -0.004 -15"><span class='ocrx_word' id='word_1_214' title='bbox 38 2304 121 2355; x_wconf 88' lang='lat' dir='ltr'>M.</span> <span class='ocrx_word' id='word_1_215' title='bbox 143 2317 438 2370; x_wconf 56' lang='lat' dir='ltr'>passuum.</span> <span class='ocrx_word' id='word_1_216' title='bbox 472 2303 661 2353; x_wconf 41' lang='lat' dir='ltr'>*Hunc</span> <span class='ocrx_word' id='word_1_217' title='bbox 683 2305 826 2354; x_wconf 88' lang='lat' dir='ltr'>enim</span> <span class='ocrx_word' id='word_1_218' title='bbox 851 2300 1131 2366; x_wconf 84' lang='lat' dir='ltr'>cardinem</span> <span class='ocrx_word' id='word_1_219' title='bbox 1154 2298 1452 2349; x_wconf 77' lang='lat' dir='ltr'>Alexandri</span> <span class='ocrx_word' id='word_1_220' title='bbox 1473 2297 1664 2363; x_wconf 82' lang='lat' dir='ltr'>Magni</span> 
     </span>
     <span class='ocr_line' id='line_1_32' title="bbox 36 2366 1664 2438; baseline -0.005 -14"><span class='ocrx_word' id='word_1_221' title='bbox 36 2374 265 2432; x_wconf 84' lang='lat' dir='ltr'>itinera</span> <span class='ocrx_word' id='word_1_222' title='bbox 290 2370 489 2432; x_wconf 84' lang='lat' dir='ltr'>fecere,</span> <span class='ocrx_word' id='word_1_223' title='bbox 513 2372 581 2422; x_wconf 90' lang='lat' dir='ltr'>ab</span> <span class='ocrx_word' id='word_1_224' title='bbox 603 2372 671 2422; x_wconf 90' lang='lat' dir='ltr'>iis</span> <span class='ocrx_word' id='word_1_225' title='bbox 693 2373 868 2438; x_wconf 84' lang='lat' dir='ltr'>portis</span> <span class='ocrx_word' id='word_1_226' title='bbox 890 2370 958 2421; x_wconf 87' lang='lat' dir='ltr'>ad</span> <span class='ocrx_word' id='word_1_227' title='bbox 974 2368 1162 2420; x_wconf 79' lang='lat' dir='ltr'>Indiae</span> <span class='ocrx_word' id='word_1_228' title='bbox 1186 2366 1529 2433; x_wconf 75' lang='lat' dir='ltr'>principium,</span> <span class='ocrx_word' id='word_1_229' title='bbox 1550 2375 1664 2417; x_wconf 85' lang='lat' dir='ltr'>sta·</span> 
     </span>
     <span class='ocr_line' id='line_1_33' title="bbox 36 2436 1704 2507; baseline -0.004 -15"><span class='ocrx_word' id='word_1_230' title='bbox 36 2442 136 2493; x_wconf 89' lang='lat' dir='ltr'>dia</span> <span class='ocrx_word' id='word_1_231' title='bbox 159 2440 487 2507; x_wconf 82' lang='lat' dir='ltr'>quindecim</span> <span class='ocrx_word' id='word_1_232' title='bbox 522 2442 699 2493; x_wconf 87' lang='lat' dir='ltr'>millia</span> <span class='ocrx_word' id='word_1_233' title='bbox 733 2447 999 2504; x_wconf 28' lang='lat' dir='ltr'>sexcenta·</span> <span class='ocrx_word' id='word_1_234' title='bbox 1029 2438 1318 2504; x_wconf 75' lang='lat' dir='ltr'>octoginta</span> <span class='ocrx_word' id='word_1_235' title='bbox 1351 2436 1660 2501; x_wconf 89' lang='lat' dir='ltr'>prodendo:</span> <span class='ocrx_word' id='word_1_236' title='bbox 1700 2458 1704 2462; x_wconf 44' lang='lat'>⁹</span> 
     </span>
     <span class='ocr_line' id='line_1_34' title="bbox 37 2505 1661 2576; baseline -0.004 -14"><span class='ocrx_word' id='word_1_237' title='bbox 37 2511 112 2563; x_wconf 87' lang='lat' dir='ltr'>ad</span> <span class='ocrx_word' id='word_1_238' title='bbox 144 2511 368 2562; x_wconf 86' lang='lat' dir='ltr'>Bactra</span> <span class='ocrx_word' id='word_1_239' title='bbox 398 2511 687 2576; x_wconf 72' lang='lat' dir='ltr'>oppidum,</span> <span class='ocrx_word' id='word_1_240' title='bbox 719 2508 862 2575; x_wconf 88' lang='lat' dir='ltr'>quod</span> <span class='ocrx_word' id='word_1_241' title='bbox 906 2505 1190 2573; x_wconf 87' lang='lat' dir='ltr'>appellant</span> <span class='ocrx_word' id='word_1_242' title='bbox 1224 2507 1514 2572; x_wconf 87' lang='lat' dir='ltr'>Zariaspa,</span> <span class='ocrx_word' id='word_1_243' title='bbox 1547 2505 1661 2557; x_wconf 85' lang='lat' dir='ltr'>tria</span> 
     </span>
     <span class='ocr_line' id='line_1_35' title="bbox 35 2578 1658 2646; baseline -0.003 -14"><span class='ocrx_word' id='word_1_244' title='bbox 35 2580 231 2632; x_wconf 85' lang='lat' dir='ltr'>millia</span> <span class='ocrx_word' id='word_1_245' title='bbox 244 2578 614 2646; x_wconf 79' lang='lat' dir='ltr'>septingenta.</span> <span class='ocrx_word' id='word_1_246' title='bbox 640 2580 770 2630; x_wconf 80' lang='lat' dir='ltr'>Inde</span> <span class='ocrx_word' id='word_1_247' title='bbox 796 2578 864 2628; x_wconf 86' lang='lat' dir='ltr'>ad</span> <span class='ocrx_word' id='word_1_248' title='bbox 881 2578 1379 2627; x_wconf 77' lang='lat' dir='ltr'>laxartem&#39;amnem</span> <span class='ocrx_word' id='word_1_249' title='bbox 1402 2578 1658 2641; x_wconf 84' lang='lat' dir='ltr'>quinque.</span> 
     </span>
    </p>

    <p class='ocr_par' dir='ltr' id='par_1_5' title="bbox 34 2645 1658 2783">
     <span class='ocr_line' id='line_1_36' title="bbox 107 2645 1658 2714; baseline -0.003 -14"><span class='ocrx_word' id='word_1_250' title='bbox 107 2648 332 2700; x_wconf 81' lang='lat' dir='ltr'>xvnl.</span> <span class='ocrx_word' id='word_1_251' title='bbox 356 2650 395 2698; x_wconf 81' lang='lat' dir='ltr'>A</span> <span class='ocrx_word' id='word_1_252' title='bbox 412 2649 624 2714; x_wconf 84' lang='lat' dir='ltr'>Caspiis</span> <span class='ocrx_word' id='word_1_253' title='bbox 646 2647 997 2698; x_wconf 83' lang='lat' dir='ltr'>adorientem</span> <span class='ocrx_word' id='word_1_254' title='bbox 1013 2660 1202 2697; x_wconf 77' lang='lat' dir='ltr'>versus</span> <span class='ocrx_word' id='word_1_255' title='bbox 1224 2645 1380 2712; x_wconf 85' lang='lat' dir='ltr'>regio</span> <span class='ocrx_word' id='word_1_256' title='bbox 1403 2648 1504 2705; x_wconf 86' lang='lat' dir='ltr'>est,</span> <span class='ocrx_word' id='word_1_257' title='bbox 1516 2645 1658 2709; x_wconf 82' lang='lat' dir='ltr'>Apa·</span> 
     </span>
     <span class='ocr_line' id='line_1_37' title="bbox 34 2711 1658 2783; baseline -0.004 -9"><span class='ocrx_word' id='word_1_258' title='bbox 34 2725 294 2774; x_wconf 78' lang='lat' dir='ltr'>voi-tene</span> <span class='ocrx_word' id='word_1_259' title='bbox 317 2717 494 2777; x_wconf 86' lang='lat' dir='ltr'>dicta,</span> <span class='ocrx_word' id='word_1_260' title='bbox 516 2718 646 2768; x_wconf 84' lang='lat' dir='ltr'>etin</span> <span class='ocrx_word' id='word_1_261' title='bbox 669 2727 736 2770; x_wconf 88' lang='lat' dir='ltr'>ea</span> <span class='ocrx_word' id='word_1_262' title='bbox 754 2713 1072 2770; x_wconf 83' lang='lat' dir='ltr'>fertilitatis</span> <span class='ocrx_word' id='word_1_263' title='bbox 1091 2715 1341 2783; x_wconf 78' lang='lat' dir='ltr'>inclytae</span> <span class='ocrx_word' id='word_1_264' title='bbox 1364 2713 1522 2766; x_wconf 79' lang='lat' dir='ltr'>locus</span> <span class='ocrx_word' id='word_1_265' title='bbox 1544 2711 1658 2767; x_wconf 85' lang='lat' dir='ltr'>Da·</span> 
     </span>
    </p>

    <p class='ocr_par' dir='ltr' id='par_1_6' title="bbox 110 2784 1242 2843">
     <span class='ocr_line' id='line_1_38' title="bbox 110 2784 1242 2843; baseline -0.003 -3"><span class='ocrx_word' id='word_1_266' title='bbox 110 2790 329 2843; x_wconf 61' lang='lat' dir='ltr'>th-</span> <span class='ocrx_word' id='word_1_267' title='bbox 367 2787 528 2841; x_wconf 69' lang='lat' dir='ltr'>Tom.</span> <span class='ocrx_word' id='word_1_268' title='bbox 566 2787 610 2843; x_wconf 79' lang='grc' dir='ltr'>Ι.</span> <span class='ocrx_word' id='word_1_269' title='bbox 1199 2784 1242 2837; x_wconf 84' lang='grc' dir='ltr'><strong>Ζ</strong></span> 
     </span>
    </p>
   </div>
  </div>
 </body>
</html>
