2009 3025
283 135 390 192 364
685 132 744 194 C.
817 140 1090 195 PLINII
1162 141 1533 196 SECUNDI

285 255 534 293 necesse.
603 240 938 311 Magnitudo
961 246 1031 297 ad
1053 237 1212 297 terna
1232 246 1409 298 millia
1430 245 1777 314 amphoram.
1813 249 1898 303 δί·

286 308 480 365 derum
506 311 564 360 in
594 313 908 380 navigando
949 316 1105 367 nulla
1145 317 1485 367 observatio.
1557 315 1891 382 septemtrio

216 425 227 431 -
284 393 395 429 non
418 382 696 432 cernitur:
742 383 839 433 sed
862 383 1117 435 volucres
1138 399 1324 435 seeum
1357 385 1595 446 vehunt,
1636 387 1894 439 emitten-

283 453 372 498 tes
392 450 640 515 saepiuS,
664 458 1014 520 meatumque
1037 456 1223 505 earum
1246 454 1453 505 terram
1477 458 1780 521 petentium
1806 471 1897 507 co-

283 516 568 568 mitantur.
641 519 758 581 Nec
779 521 901 585 plus
922 525 1206 587 quaternis
1237 524 1518 591 mensibus
1563 539 1707 576 anno
1749 525 1898 576 navi-

283 595 456 650 gant.¹
513 588 721 639 Carent
743 605 778 639 a
799 591 1046 642 solstitio
1068 592 1311 663 maxime
1332 600 1552 643 centum
1582 593 1735 658 dies,
1775 601 1895 646 tum

282 652 385 707 illo
410 656 551 705 mari
570 654 821 709 hiberno.
1323 722 1330 730 ,
1711 710 1716 721 .

266 774 271 785 ,
351 722 637 774 Hactenus
663 742 696 775 a
728 727 924 791 priscis
968 734 1312 780 memorata:
1362 728 1524 779 nobis
1566 727 1897 796 diligentior

281 792 484 842 notitia
505 791 1058 861 Claudii'principatu
1083 799 1349 865 contigit,
1388 797 1594 863 legatis
1634 803 1802 850 etiam
1824 816 1894 853 ex

281 858 469 911 insula
487 860 757 922 advecti-⁰02
820 865 882 915 ld
908 865 1115 923 accidit
1137 864 1245 918 hoc
1265 865 1432 921 modo
1455 884 1468 916 z
1511 869 1681 918 Annii
1702 868 1895 937 Ploca-

280 927 377 988 mi,
397 931 491 994 qui
513 931 682 981 maris
708 934 880 984 Rubri
905 935 1195 1000 vectigale
1216 938 1350 1000 fisce
1370 935 1701 1001 redemerat,
1729 938 1892 1003 liber-

278 1001 371 1046 tus
394 998 540 1048 circa
556 1002 1121 1069 Arabiam‘navigans,
1137 1005 1500 1071 Aquilonibus
1520 1012 1713 1070 raptus
1737 1022 1894 1071 prae·

278 1069 367 1114 ter
390 1066 758 1129 Carmaniam,
798 1071 903 1123 XV
935 1071 1026 1124 die
1050 1074 1335 1139 Hippuros
1359 1077 1720 1159 wrtumeius
1746 1078 1892 1131 iuve'-

277 1138 428 1194 ctus,
450 1134 711 1200 hospitali
734 1141 882 1205 regis
904 1140 1204 1194 clementia
1225 1150 1323 1194 sex
1347 1143 1613 1209 mensium
1639 1152 1889 1211 tempore

275 1200 519 1251 imbutus
542 1205 815 1269 alloquio,
838 1212 1187 1272 percontanti
1210 1218 1405 1276 postea
1425 1215 1670 1279 narrayit
1693 1216 1888 1266 Roma·

274 1284 377 1319 nos
402 1276 459 1321 et
481 1273 794 1326 Caesarem.
865 1275 1068 1343 Mirum
1094 1280 1146 1329 in
1171 1280 1391 1331 modum
1413 1281 1468 1331 in
1493 1283 1702 1334 auditis
1735 1284 1883 1335 iusti-

271 1337 408 1388 tiam
434 1339 531 1390 ille
553 1345 821 1408 suspexit,
846 1347 991 1412 quod
1017 1362 1175 1412 pares
1199 1349 1441 1415 pondere
1463 1351 1682 1403 denarii
1703 1359 1922 1404 essent-

271 1407 331 1456 in
352 1409 572 1473 captiva
593 1413 842 1475 pecunia,
866 1416 1266 1484 cumffdiversae
1283 1413 1552 1487 imagines
1571 1422 1889 1474 indicarent

273 1491 308 1527 a
327 1477 573 1543 pluribus
599 1478 793 1533 factos.
844 1487 915 1535 Et
934 1483 1040 1538 hoc
1064 1489 1304 1556 maxime
1321 1488 1633 1559 sulicitatus
1656 1491 1728 1542 ad
1753 1493 1888 1546 ami-

274 1548 477 1611 citiam,
520 1549 740 1617 legatos
781 1562 1021 1619 quatuor
1059 1558 1229 1619 misit,
1278 1560 1525 1626 principe
1555 1575 1750 1612 eorum
1776 1564 1885 1630 Ra·

273 1613 414 1668 chia.
486 1620 569 1670 Ex
591 1620 659 1670 iis
686 1626 991 1689 cognitum,
1033 1624 1084 1674 D
1108 1642 1228 1679 esse
1252 1626 1475 1694 oppida,
1511 1633 1734 1694 portum
1761 1646 1888 1683 con-

271 1690 362 1735 tra
416 1689 703 1741 meridiem
728 1726 743 1751 ,
805 1695 1117 1759 appositum
1176 1693 1885 1764 oppidojPalaesimundo,

271 1754 510 1805 omnium
536 1757 610 1809 ibi
637 1760 972 1825 clarissimo,
997 1780 1062 1814 ac
1083 1766 1241 1829 regia
1273 1767 1358 1817 CC
1384 1767 1682 1833 M.-plebis.
1761 1770 1887 1822 Sta-

254 1834 435 1886 gnum
454 1829 601 1876 intus
614 1827 883 1895 Megisba,
903 1831 1244 1886 CCCLXXV
1265 1836 1340 1885 M.
1364 1849 1620 1900 passuum
1648 1840 1889 1902 ambitu,

266 1889 478 1943 insulas
502 1897 697 1959 pabuli
732 1906 949 1951 tantum
982 1901 1201 1954 fertiles
1245 1903 1607 1968 complexum.
1681 1907 1776 1958 Ex
1813 1924 1886 1960 eo

269 1957 409 2012 duos
430 1977 617 2013 amnes
641 1979 929 2032 erumpere
951 1988 964 2021 ε
1005 1971 1516 2040 Palaesimundum,
1537 1975 1702 2027 iuxta
1725 1978 1887 2044 oppi-

266 2028 396 2079 dum
421 2031 667 2082 eiusdem
695 2037 958 2100 nominis,
1000 2038 1313 2091 influentem
1335 2041 1393 2091 in
1428 2051 1652 2108 portum
1694 2047 1882 2099 tribus

265 2096 464 2160 alveis,
488 2099 726 2165 quinque
747 2106 1052 2170 stadiorum
1076 2110 1409 2172 arctissime,
1449 2111 1554 2164 XV
1592 2115 1879 2181 ampiissi-

263 2178 354 2218 mo
381 2183 393 2215 ε
437 2167 675 2217 alterum
699 2170 771 2220 ad
809 2177 1238 2238 septemtriones
1268 2171 1591 2247 lndiam⁸que
1632 2199 1882 2249 versum,

266 2232 486 2298 Cydara
506 2238 744 2289 nomine.
818 2241 1135 2304 Proximum
1171 2255 1293 2299 esse
1323 2248 1514 2301 Indiae
1551 2262 1878 2316 promonto-

261 2301 423 2364 rium,
445 2303 592 2369 quod
616 2313 844 2359 vocetur
867 2311 1165 2377 Coliacum,
1187 2316 1470 2381 quatridui
1497 2319 1878 2388 navigatione,

261 2369 446 2420 medio
467 2372 522 2420 in
547 2388 705 2425 cursu
733 2374 879 2428 Solis
904 2380 1083 2433 insuia
1105 2392 1449 2438 occurrente.
1520 2389 1683 2441 Mare
1704 2391 1764 2441 id
1787 2407 1880 2444 co·

259 2434 380 2486 lore
405 2442 677 2503 pervii-idi,
700 2453 988 2508 praeterea
1014 2450 1339 2504 fruticosum
1362 2455 1657 2508 arboribus
1667 2494 1685 2520 ,
1710 2461 1877 2512 iubas

205 2555 222 2571 ‚
260 2516 445 2555 earum
495 2512 881 2576 gubernaculis
937 2516 1333 2573 deterentibus.
1427 2520 1874 2591 septemtriones

257 2559 646 2641 Vergiliasque
671 2580 816 2644 apud
839 2598 956 2646 noel,
995 2589 1171 2639 veluti
1196 2604 1335 2642 novo
1358 2593 1547 2655 caelu,
1591 2595 1875 2666 mira-bau·

257 2642 370 2692 tur.
443 2644 526 2697 Ne
547 2644 764 2718 Lunam
787 2651 1004 2717 quidem
1030 2659 1176 2722 apud
1199 2662 1349 2727 ipsos
1367 2696 1386 2725 ,
1427 2662 1534 2716 uisi
1556 2664 1631 2717 ab
1670 2673 1888 2721 octava·

374 2888 401 2899 ῃ

1987 530 1993 561 †
