2009 3025
634 88 665 95 s

224 114 534 220 unua,
571 157 920 213 ms‘roa.
977 114 1143 216 Lis.
1178 159 1242 213 v.
1288 157 1509 216 15-17.
1579 161 1684 218 321

48 258 326 313 culorum
347 261 527 313 millia
551 261 905 325 (incredibile
930 250 1106 326 dictu)
1140 279 1276 331 gens
1299 250 1543 318 'ac-terna
1577 273 1684 329 est,
1783 286 1798 297 ·

46 331 107 381 in
132 345 260 396 qua
282 346 444 382 nemo
465 332 729 383 nascitur.
804 335 944 384 Tam
979 333 1258 385 foecunda
1286 334 1403 384 illis
1441 335 1740 413 aliorumw
1759 338 1775 365 '-

45 407 218 451 ritae
260 400 611 466 poenitentia
651 405 754 453 est.
826 401 980 454 Infra
998 400 1102 454 hos
1125 402 1395 469 Engadda
1415 402 1681 469 oppidum

45 468 190 530 fuit,
219 469 527 521 secundum
546 472 616 522 ab
644 470 1055 539 Hierosolymis
1075 470 1391 534 fertilitate,
1412 473 1681 539 palmeto-

43 553 301 605 rumque
343 539 695 591 nemoribus=
749 555 893 591 nunc
933 539 1173 593 alterum
1213 542 1459 593 bustum.
1542 539 1680 591 inde

6 607 309 660 -Masada
344 608 637 663 castellum
677 610 736 660 in
777 616 941 676 rupe,
984 615 1044 661 et
1079 609 1256 677 ipsum
1296 608 1448 663 haud
1485 608 1682 677 procul

41 675 399 744 Asphaltite.
473 680 547 730 Et
569 676 836 729 hactenus
861 678 1067 730 iudaea
1089 685 1192 730 est.

118 745 280 798 xvl.
320 746 572 814 Iungitur
592 747 647 798 ei
666 747 844 799 latere
861 747 1060 814 Syriae
1070 745 1483 814 Decapolitana
1497 746 1681 815 regio,

34 829 80 866 a
104 829 354 867 numero
379 817 788 884 oppidorum,in
813 832 919 882 quo
942 832 1050 867 non
1076 831 1266 871 omnes
1279 815 1473 868 eadem
1491 816 1681 867 obser·

43 890 215 936 rant.
280 883 548 943 ,Plurimi
578 892 766 937 tamen
805 886 1137 938 Damascum
1183 900 1253 936 ex
1293 890 1462 951 epoto
1503 884 1680 952 riguis

45 967 225 1022 antire
248 950 637 1020 Chrysorrhoa
656 952 926 1006 fertilem:
951 952 1683 1021 Philadelphian15Rhapba·

40 1037 211 1084 nam,
255 1022 443 1074 omnia
480 1023 540 1074 in
579 1023 837 1076 Arabiam
879 1023 1217 1077 recedentia.
1290 1019 1679 1090 Scythopolin,

42 1089 264 1214 gantea
283 1090 496 1160 Nysam
530 1091 793 1145 aLibero
819 1093 1011 1155 Patre,
1048 1092 1267 1161 sepulta
1307 1093 1525 1144 nutrice
1564 1090 1680 1161 ibi)
1783 1135 1790 1139 .

88 1159 296 1228 cythis
327 1160 592 1213 deductis.
666 1161 906 1224 Gadara,
931 1163 1287 1217 Hieromiace
1312 1159 1680 1228 praefluente,

44 1232 254 1286 etiam
277 1229 488 1282 dictum
511 1231 763 1297 Hippon:
810 1231 980 1294 Dion,
1002 1231 1217 1287 Pellam
1242 1231 1404 1298 aquis
1428 1229 1678 1294 divitem,

45 1299 681 1363 Galasam,Canatham.
702 1302 1079 1353 intercursant
1102 1302 1436 1369 cinguntque
1457 1299 1557 1351 has
1582 1315 1674 1352 ur·

44 1369 152 1424 bes
178 1369 541 1433 tetrarchiae,
559 1371 844 1437 regionum
863 1371 1046 1421 instar
1064 1371 1337 1438 singulae,
1354 1374 1411 1421 et
1427 1369 1485 1419 in
1506 1383 1680 1436 regna

43 1439 512 1504 contribuuntur,
551 1436 936 1501 Trachonitis,
978 1437 1219 1500 Paneas,
1261 1440 1319 1488 in
1342 1451 1451 1503 qua
1475 1438 1675 1488 Caesa·

42 1526 157 1564 rea
176 1525 312 1564 cum
333 1508 658 1580 supradicto
680 1508 865 1584 fonte:
904 1507 1083 1570 Abila,
1107 1508 1277 1569 Arca,
1298 1505 1680 1573 Ampeloessa,

44 1580 314 1701 (33:311.
350 1645 501 1701 Hinc
520 1646 863 1701 redeundum
885 1651 971 1697 est
991 1643 1061 1696 ad
1090 1655 1264 1707 oram,
1309 1649 1474 1710 atque
1493 1642 1675 1696 Phoe·

40 1719 245 1772 nicen.
318 1716 452 1776 Fuit
472 1718 736 1787 oppidum
763 1714 1127 1776 Crocodilon,
1168 1719 1255 1766 est
1286 1711 1516 1764 flument
1560 1727 1677 1765 me·
1705 1719 1708 1722 '

41 1788 251 1840 moria
271 1786 507 1850 urbium,
527 1788 758 1849 Dorum,
780 1783 1150 1853 Sycaminum.
1224 1781 1680 1834 Promontorium

45 1855 404 1918 Carmelum,
448 1861 505 1907 et
546 1857 605 1908 in
643 1861 832 1907 monte
873 1853 1161 1920 oppidum,
1200 1851 1396 1904 eodem
1439 1851 1680 1920 nomine,

43 1925 353 1996 quondam
376 1925 661 1978 Ecbatana
682 1926 906 1977 dictum.
978 1924 1144 1974 quta
1164 1921 1370 1986 Getta,
1390 1921 1585 1975 lebbaz
1612 1921 1683 1972 ri·
1747 1967 1752 1972 ,

43 2011 167 2048 vus
193 1993 428 2062 Pagida,
449 1994 565 2046 sive
586 1995 757 2067 Belus
772 2029 787 2055 ‚
810 1991 943 2044 vitri
964 1990 1181 2043 fertiles
1204 2006 1401 2046 arenas
1423 2005 1592 2059 parvo
1614 1989 1682 2040 li-

39 2064 183 2120 tori
204 2065 461 2116 miscens.
534 2065 658 2130 Ipse
695 2079 725 2116 e
768 2060 967 2130 palude
1004 2059 1284 2114 Cendevia
1321 2076 1357 2112 a
1381 2057 1681 2113 radicibus

42 2133 313 2188 Carmeli
335 2130 577 2200 profluit.
614 2134 777 2184 iuxta
799 2130 1019 2184 colonia
1036 2130 1257 2181 Claudii
1270 2130 1528 2182 Caesaris
1549 2129 1680 2181 Pto·

36 2199 285 2266 lemaiS,
305 2218 448 2271 quae
471 2200 746 2268 quondam
767 2202 894 2252 Ace.
932 2199 1209 2266 Oppidum
1229 2195 1515 2265 Ecdippa(
1541 2198 1677 2249 l‘ro·

35 2272 408 2326 montorium
431 2272 643 2324 Album.
718 2271 909 2337 Tyrus
931 2268 1208 2336 quondam
1231 2267 1434 2329 insula,
1459 2266 1698 2334 praeal·¹
1793 2260 1808 2282 “

26 2345 116 2395 to
147 2341 297 2392 mari
317 2339 684 2408 septingentis
704 2338 952 2405 passibus
979 2337 1341 2400 divisamunc
1357 2351 1491 2388 vero
1505 2336 1677 2389 Alex-

32 2409 229 2466 andri
267 2410 637 2480 oppugnantis
674 2407 935 2476 operibus
978 2405 1291 2471 continens,
1319 2405 1469 2457 'olim
1513 2411 1680 2472 partu

33 2479 236 2541 clara,
260 2481 487 2533 urbibus
511 2478 742 2547 genitis,
782 2471 972 2543 Lepti,
1014 2475 1203 2538 Utica,
1244 2481 1303 2529 et
1324 2475 1421 2526 illa
1441 2473 1681 2527 Romani

31 2548 290 2616 imperii
309 2548 555 2610 aemula,
595 2554 869 2601 terrarum
894 2544 1046 2600 orbis
1079 2544 1267 2609 avida,
1308 2543 1674 2614 Carthagine:
1728 2586 1736 2602 ,

33 2620 235 2673 etiam
259 2617 506 2669 Gadibus
547 2625 709 2670 extra
740 2616 931 2670 orbem
963 2611 1221 2667 conditis.
1293 2614 1453 2668 Nunc
1495 2615 1675 2668 omnis

31 2686 182 2810 einis
203 2686 465 2739 nobilitas
488 2686 779 2756 conchylio
800 2689 969 2752 atque
989 2697 1235 2753 purpura
1258 2691 1493 2739 constat.
1552 2685 1670 2737 Cir-

192 2765 331 2819 nm.
364 2757 532 2812 Tou.
570 2757 614 2810 1.
1116 2757 1126 2765 “
