2009 3025
106 102 127 121 ²
237 127 544 187 maroa.
583 127 932 187 flrs‘roa.
968 133 1133 191 ΜΒ.
1171 136 1242 193 v.
1278 96 1502 192 12-15.
1570 134 1676 196 ω

50 237 222 306 grin:
258 249 471 303 quaque
491 237 699 290 transit
721 239 998 303 Taurum,
1041 238 1327 309 Sophenez
1367 240 1513 294 citra
1530 256 1665 297 vero
1713 236 1754 265 ’-

50 309 236 360 etiam
257 306 587 375 comagene.
645 308 723 360 Et
741 306 893 363 ultra
910 311 1230 365 Armeniam
1248 310 1548 374 Adiabene,
1570 314 1668 365 As·

45 377 225 445 syria
239 380 367 427 aute
387 374 567 446 dicta:
596 382 658 429 et
675 377 773 430 ubi
794 379 1052 433 Ciliciam
1074 382 1327 451 attingit,
1358 379 1672 436 Antiochia.

44 443 377 512 Longitudo
400 445 520 500 eius
539 447 690 500 inter
702 448 951 502 Ciliciam
965 456 1022 502 et
1031 453 1313 515 Arabiam,
1338 450 1673 506 ccchxx
1699 469 1704 472 ·

43 516 130 571 Μ.
157 529 418 582 passuum
441 522 545 569 est·
617 516 888 571 Latitudo
911 535 946 572 a
965 519 1216 573 Seleucia
1240 521 1427 574 Pieria
1458 519 1533 572 ad
1570 534 1668 587 op·
1770 571 1778 577 .

40 584 256 654 pidum
290 583 349 635 in
374 584 667 652 Euphrate
693 582 970 658 Zeugma,
1011 590 1264 646 CLXXV
1284 592 1361 643 M.
1393 603 1678 657 passuum·

43 654 169 717 qai
192 652 461 707 subtilius
485 654 762 719 dividunt,
789 654 1159 712 circumfundi
1175 659 1344 728 Syria
1357 658 1671 713 Phoenicen

40 722 284 776 volunt:
323 726 381 776 et
401 739 525 776 esse
548 738 703 777 oram
727 726 1063 778 maritimam
1086 730 1320 796 Syriae,
1361 731 1520 780 cuius
1539 740 1671 798 pars

42 793 127 846 sit
145 790 419 844 Idumaea
439 797 498 844 et
518 792 744 856 Iudaea,
789 794 992 849 deinde
1014 794 1314 860 Phoenice,
1346 797 1549 849 deinde
1570 796 1675 866 Sy-

38 863 154 916 ria.
233 859 294 917 ld
319 861 466 928 quod
488 862 777 929 praeiacet
796 878 949 916 mare
967 862 1178 929 totum,
1199 864 1557 920 Phoenicium
1579 881 1673 934 ap·

38 930 318 1002 pellatur.
374 930 501 998 Ipsa
519 946 658 1000 gens
678 930 1019 986 Phoenicum
1042 935 1101 985 in
1123 949 1327 1003 magna
1347 935 1532 1004 gloria
1548 935 1673 988 lite·

36 1014 246 1057 rarum
268 998 622 1082 inventionis,
655 1006 713 1055 et
730 1002 994 1069 siderum,
1014 1004 1406 1076 navaliumque
1429 1021 1495 1059 ac
1517 1004 1672 1060 belli-

34 1085 246 1126 carum
268 1076 492 1123 artium.
680 1076 697 1101 f

96 1136 279 1193 xlv.
315 1142 360 1193 A
380 1137 608 1192 Pelusio
629 1140 899 1197 Chabriae
919 1149 1127 1207 castra,
1150 1145 1345 1198 Casius
1370 1159 1547 1209 mons,
1578 1143 1671 1198 du·

33 1206 281 1264 labrum
303 1208 454 1261 lovis
480 1210 649 1275 Casii,
664 1214 913 1266 tumulus
935 1215 1126 1282 Magni
1150 1213 1416 1284 Pompeii.
1479 1216 1671 1268 Ostra-

33 1282 174 1336 cine
199 1277 407 1331 Arabia
426 1281 641 1345 finitur,
665 1281 937 1335 aPelusio
959 1283 1116 1336 LXV
1136 1285 1212 1335 M.
1229 1290 1511 1351 passuum.
1533 1284 1671 1334 Mox

30 1351 325 1406 idumaea
357 1348 582 1416 incipit,
622 1357 680 1402 et
700 1350 1049 1413 Palaestina,
1088 1352 1160 1401 ab
1182 1368 1397 1405 emersu
1420 1352 1673 1404 Sirbonis

27 1420 242 1483 lacus,
280 1432 439 1487 quem
477 1419 705 1487 quidam
730 1420 822 1472 CL
845 1420 926 1472 M.
947 1434 1205 1486 passuum
1234 1422 1466 1474 circuitu
1489 1418 1670 1472 tradi-

27 1491 181 1544 dere
202 1506 225 1541 ε.
241 1489 567 1542 Herodotus
592 1489 754 1543 Casio
776 1489 957 1541 monti
980 1488 1277 1556 applicuit:
1307 1505 1452 1542 nunc
1471 1494 1559 1542 est
1579 1504 1674 1557 pa.

26 1562 123 1615 lus
146 1555 404 1622 modica.
432 1558 680 1627 Oppida:
702 1557 1103 1622 Rhinocolura,
1116 1559 1333 1611 etintus
1346 1559 1674 1627 Rhaphaea:

21 1629 232 1692 Gaza,
254 1633 316 1680 et
333 1629 484 1680 intus
501 1629 799 1683 Anthedon
814 1647 826 1681 :
841 1636 844 1639 ’
860 1643 1022 1681 mons
1042 1629 1301 1696 Angaris.
1374 1629 1556 1696 Regio
1578 1641 1677 1694 per

21 1715 212 1754 oram
230 1696 520 1752 Samaria.
594 1698 871 1767 Oppidum
896 1698 1101 1752 Ascalo
1128 1698 1396 1762 liberum,
1435 1700 1673 1750 Azotusx

19 1767 319 1826 lamniae-
330 1767 490 1831 duae,
513 1769 699 1822 altera
717 1769 888 1822 intus.
960 1770 1133 1836 Ioppe
1154 1766 1513 1829 Phoenicum,
1537 1766 1680 1818 anti·

18 1841 219 1909 quior
241 1844 524 1890 terrarum
548 1838 932 1901 inundatione,
956 1844 1035 1890 ‘ut
1056 1836 1263 1890 ferunt.
1333 1836 1545 1889 Insidet
1567 1835 1680 1888 col·
1709 1874 1720 1878 -
1779 1866 1786 1872 —

17 1913 147 1967 lem
174 1908 546 1977 praeiacente
568 1923 706 1961 saxo
724 1945 739 1972 ,
778 1910 836 1960 in
868 1922 977 1976 quo
1005 1906 1355 1960 vinculorum
1377 1907 1682 1961 Androme—

18 1981 145 2034 dae
169 1978 439 2045 vestigia
452 1979 775 2032 ostendunt.
851 1978 1073 2033 Colitur
1104 1977 1225 2029 illic
1245 1977 1505 2030 fabulosa
1525 1977 1707 2029 Ceto.»

14 2050 180 2104 inde
210 2042 547 2115 Apollonia-z
592 2047 874 2105 Stratonis
908 2047 1081 2100 turris
1097 2085 1114 2112 ,
1153 2046 1348 2102 eadem
1388 2048 1681 2106 Caesarea,

13 2122 99 2174 ab
123 2116 382 2172 Herode
403 2131 467 2169 re
508 2132 538 2168 e
559 2117 811 2171 condita:
854 2133 1001 2169 nunc
1024 2117 1244 2169 colonia
1266 2119 1446 2184 prima
1465 2115 1681 2173 Flavia,

8 2208 57 2243 a.
77 2188 464 2254 Vespasiano
571 2193 828 2255 peratore
849 2186 1116 2240 deducta:
1146 2185 1311 2237 Finis
1335 2183 1683 2238 Palaestines

2 2262 287 2313 centum
331 2256 618 2324 octoginta
658 2271 853 2310 novem
887 2256 1028 2308 mill.
1059 2269 1338 2324 passuum,
1375 2269 1411 2305 a
1446 2253 1684 2306 confinio
1717 2309 1722 2316 ,

0 2325 335 2383 Arabiae:
357 2324 559 2380 deinde
579 2324 874 2379 Phoenice.
896 2327 1051 2378 Intus
1073 2329 1257 2377 autem
1282 2323 1569 2377 Samariae
1592 2336 1686 2389 op·

4 2398 182 2467 pitia
199 2415 213 2450 τ
238 2395 542 2463 Neapolis,
564 2397 714 2465 quod
729 2402 896 2448 antea
911 2393 1236 2448 Mamortha
1259 2393 1568 2448 dicebatur:
1591 2390 1686 2445 Se·

2 2473 236 2531 haste,
262 2465 330 2518 in
350 2471 560 2528 monte,
583 2472 639 2518 et
661 2465 864 2518 altiore
885 2464 1140 2517 Gamala.

95 2536 252 2591 XV.
299 2534 481 2602 Supra
518 2535 840 2592 Idumaeam
877 2541 934 2586 et
957 2498 1273 2586 Samariam·
1286 2531 1496 2585 Iudaea
1514 2530 1686 2598 longe

4 2605 303 2674 lateque
320 2604 596 2657 funditur.
616 2605 625 2612 ’
667 2604 807 2657 Pars
829 2604 947 2656 eius
970 2602 1173 2672 Syriae
1194 2603 1402 2664 iuncta,
1426 2601 1685 2655 Galilaea

0 2681 328 2731 vocatura
371 2672 612 2731 Arabiae
641 2688 775 2729 vero
810 2680 868 2727 et
887 2673 1143 2745 Aegypto
1175 2672 1434 2742 proxima
1455 2670 1683 2732 Peraea,
