2009 3025
361 134 467 188 242
731 136 790 188 C.
859 134 1129 190 PLINH
1199 132 1576 189 sEcuan

360 239 471 298 nia,
512 236 606 288 ubi
627 249 768 290 nunc
788 238 966 291 Roma
987 244 1097 292 ests
1138 235 1438 303 Antipolis,
1476 235 1624 305 quod
1642 251 1774 289 nunc
1787 237 1910 290 Iani·

361 304 543 357 culum
571 309 626 356 in
658 313 817 373 parte
839 309 1071 360 Romae:
1100 310 1422 369 Antemnae,
1467 307 1782 368 Cauterium,
1810 303 1917 366 Cd-
1980 323 1981 346 ¹

356 373 516 436 latia,
559 375 873 437 Amitinum,
901 377 1104 437 Norba,
1142 374 1362 427 Sulmo:
1398 379 1458 427 et
1478 390 1600 427 cum
1622 372 1705 426 his
1724 385 1915 429 carnem
1980 389 1981 448 ζ

358 441 419 493 in
438 449 627 494 monte
644 443 855 494 Albano
885 439 1319 509 maccipere
1347 443 1538 509 populi
1556 443 1825 507 Albenses,
1843 444 1915 494 Al·
1980 471 1981 502 n

359 509 518 569 bani,
557 511 838 573 Aesolani,
886 513 1171 574 Acienses,
1209 512 1477 573 Abolani,
1512 509 1794 574 Bubetani,
1828 512 1918 563 Bo·
1980 507 1981 522 ¹

357 578 493 639 lani,
520 578 836 642 Cusuetani,
866 581 1170 641 Coriolani,
1199 578 1513 639 Fidenates,-
1540 579 1764 640 Foretii,
1790 580 1915 631 Hor·

358 653 560 708 tenses,
583 646 945 708 Latinienses,
967 647 1298 713 Longulam,
1340 646 1613 708 Manates,
1654 646 1918 710 Macrales,

359 715 831 777 Mutucumenses‚
871 718 1210 776 Munienses,
1251 713 1661 777 Nuniinienses,
1686 715 1918 768 Ollicula-

359 784 436 844 ni,
471 783 745 847 Octulani,
779 784 1005 845 Pedani,
1037 783 1354 844 Pollustini,
1398 783 1838 850 Querquetulani,
1854 783 1921 836 Si·

357 851 504 911 cani,
526 851 857 914 Sisolenses,
896 853 1265 911 Tolerienses,
1286 852 1598 915 Tutienses,
1631 849 1917 904 Vimitella-

357 920 450 980 rii,
474 917 779 982 Velienses,
821 919 1168 982 Venetulani,
1209 919 1560 971 Vitellenses.
1608 919 1778 982 ltaex
1797 923 1919 972 anti·

259 1025 264 1032 ‚
358 1000 466 1054 quo
505 986 671 1039 Latio
696 989 819 1039 Llll
859 988 1053 1053 populi
1093 988 1357 1039 interiere
1392 987 1511 1039 sine
1548 988 1816 1055 vestigiis.
1872 989 1918 1038 ln

360 1057 634 1119 Campano
656 1062 838 1106 autem
862 1070 997 1123 agro
1020 1056 1244 1107 Stabiae
1285 1054 1544 1121 oppidum
1583 1055 1737 1107 fuere
1774 1070 1920 1123 usquo

358 1123 432 1172 ad
476 1125 572 1172 Cn.
615 1122 935 1187 Pompeium
977 1129 1037 1175 et
1054 1124 1120 1176 L.
1145 1126 1407 1176 Catonem
1441 1124 1725 1186 Consules,
1761 1125 1918 1190 pridie
1982 1167 1983 1178 ,

357 1188 598 1241 Kalend.
620 1190 776 1251 Maii,
811 1205 921 1255 quo
953 1191 1045 1242 (lie
1075 1192 1141 1243 L.
1164 1191 1319 1243 Sulla
1336 1192 1554 1258 legatus
1575 1191 1727 1243 bello
1746 1192 1919 1244 sociali

295 1286 302 1295 ·
355 1255 677 1317 iduelevit,
717 1257 862 1324 quod
888 1260 1114 1314 nuncin
1135 1261 1325 1311 villam
1346 1261 1500 1312 abiit.
1553 1261 1918 1313 Interciditibi
1982 1307 1983 1312 ,

356 1332 416 1378 et
443 1324 737 1377 Taurania.
790 1324 929 1377 Sunt
966 1334 1027 1379 et
1062 1330 1351 1381 morientis
1391 1330 1920 1396 Casilini-reliquiae.
1972 1377 1983 1390 ,

181 1372 196 1378 “
249 1403 253 1407 ’
354 1394 658 1447 Praeterea
698 1398 889 1446 auctor
932 1401 1021 1447 est
1059 1398 1267 1459 Antias,
1305 1398 1567 1464 oppidum
1612 1397 1919 1450 Latinorum

355 1463 580 1531 Apiolas
603 1466 819 1528 captum
843 1478 877 1516 a
897 1464 962 1517 L.
986 1465 1285 1534 Tarquinio
1308 1481 1456 1535 rege,
1473 1482 1541 1521 ex
1565 1468 1724 1520 cuius
1743 1465 1925 1534 praeda

358 1532 696 1599 Capitolium
734 1532 781 1582 is
827 1533 1192 1588 inchoaverit.
1243 1538 1287 1587 A
1309 1536 1577 1589 Surrento
1612 1535 1686 1588 ad
1709 1535 1921 1589 Silarum

357 1615 572 1653 amnem
593 1601 819 1668 triginta
848 1603 1026 1654 millia
1046 1606 1303 1669 passuum
1338 1619 1473 1672 ager
1492 1605 1807 1658 Picentinus
1836 1604 1923 1655 fuit

354 1671 680 1730 Tuscorum,
716 1670 922 1736 templo
945 1672 1166 1723 Iunonis
1188 1674 1423 1741 Argivae
1447 1676 1517 1726 ab
1537 1674 1739 1727 iasone
1759 1671 1917 1726 coadi-

355 1743 416 1789 to
436 1738 542 1791 insi
584 1737 682 1788 uis.
715 1738 869 1790 Intus
890 1740 1149 1805 oppidum
1174 1741 1407 1806 Salerni,
1428 1743 1700 1795 Picentia.

420 1806 489 1857 X.
512 1753 759 1886 lffiilaro
776 1810 936 1876 regio
958 1810 1161 1871 tertia,
1183 1817 1242 1862 et
1261 1827 1395 1879 ager
1413 1813 1671 1865 Lucanus
1692 1807 1920 1863 Brutius·

354 1887 457 1939 que
480 1875 702 1940 incipit:
747 1891 848 1928 nec
869 1877 947 1928 ibi
967 1892 1098 1931 rara
1128 1881 1432 1932 incolarum
1453 1882 1783 1933 mutatione.
1831 1879 1923 1928 Te·

349 1949 587 1994 nuerunt
606 1956 728 1993 eam
752 1944 990 2012 Pelasgi,
1013 1949 1282 2012 Oenotrii,
1301 1951 1445 2010 itali,
1467 1950 1777 2015 Morgetes,
1796 1947 1929 1999 Siou-

350 2010 411 2071 li,
451 2009 720 2062 Graeciae
760 2015 1000 2067 maxime
1042 2017 1236 2082 populi
1257 2035 1271 2069 ε
1322 2019 1617 2070 novissime
1660 2017 1869 2068 Lucani
1900 2026 1929 2065 a

318 2115 326 2124 .
352 2076 689 2133 Samnitibus
729 2080 842 2131 orti
891 2084 1034 2136 duce
1079 2086 1270 2138 Lucio.
1345 2086 1618 2153 Oppidum
1664 2084 1930 2144 Paestum,

355 2146 584 2226 Gli-oecis
607 2144 906 2202 Posidonia
927 2154 1295 2218 appellatum:
1318 2157 1469 2206 sinus
1491 2155 1829 2217 Paestanust
1852 2165 1931 2215 op-
1984 2164 1985 2177 ¹

352 2213 539 2280 pidum
567 2214 744 2276 Helia,
777 2232 916 2282 quae
937 2237 1078 2271 nunc
1098 2223 1276 2274 Velia.
1316 2222 1767 2277 Promontorium
1794 2220 1930 2273 Pali·
1984 2222 1985 2269 ἶ

351 2297 575 2362 nurum:
599 2297 633 2332 a
654 2296 759 2348 quo
780 2286 922 2337 sinu·
934 2288 1222 2343 recedente
1241 2292 1509 2344 traiectus
1531 2291 1604 2342 ad
1627 2292 1931 2342 columnam

355 2347 619 2415 Rhegiam
660 2360 875 2407 centum
917 2358 994 2409 M.
1029 2373 1169 2424 pass.
1226 2359 1543 2412 Proximum
1585 2366 1780 2412 autem
1819 2355 1935 2409 huic

353 2415 558 2496 ssu'Peu
576 2419 826 2485 Melpes:
848 2425 1107 2490 oppidum
1127 2426 1458 2489 Buxentum,
1479 2427 1696 2480 Graece
1717 2428 1936 2494 Pyxus:

356 2482 503 2533 Laus
526 2489 725 2536 amnis:
756 2488 863 2542 fuit
886 2501 944 2544 et
966 2494 1225 2559 oppidum
1251 2495 1445 2548 eodem
1469 2497 1711 2546 nomine.
1772 2496 1856 2545 Ab
1875 2505 1936 2543 eo

351 2547 609 2603 Brutium
655 2554 789 2607 litus
813 2574 826 2606 x
871 2561 1131 2625 oppidum
1168 2562 1390 2615 Blanda
1407 2599 1424 2625 ,
1467 2561 1671 2614 flumen
1709 2562 1937 2613 natum:

353 2623 547 2681 portus
584 2620 910 2679 Parthenius
945 2627 1340 2682 Phocensiunn
1392 2632 1544 2683 sinus
1585 2627 1941 2687 vibonensis,
