2009 3025
264 81 569 153 Nuus.
624 82 971 140 maron.
1020 86 1186 141 mn.
1234 55 1339 144 111.
1370 86 1569 156 10.211.
1641 86 1743 142 243

145 184 298 238 locus
342 186 717 252 Clampetiae:
759 189 1023 256 oppidum
1064 191 1293 253 Temsa,
1328 205 1362 241 a
1381 189 1609 243 Graecis
1632 192 1742 243 Te·

143 270 293 307 mese
313 254 547 307 dietum:
589 264 647 308 et
667 258 1114 311 Crotoniensium
1141 260 1373 321 Terina,
1389 259 1647 325 sinusque
1666 260 1749 310 in·

145 338 277 391 gens
297 324 627 378 Terinaeus.
665 327 939 393 Oppidum
970 329 1287 390 Consentia,
1326 330 1495 379 intus.
1531 328 1593 384 ln
1610 341 1744 394 pen·

147 393 329 445 insula
348 392 548 450 fluvius
568 392 839 458 A'cheron,
880 412 915 447 a
939 412 1048 463 quo
1091 397 1349 464 oppidani
1380 394 1750 449 Acherontini.

151 463 357 528 Hippo,
400 461 550 528 quod
572 478 717 515 nunc
739 464 1012 518 Vibonem
1033 465 1359 518 Valentiam
1380 465 1750 531 appellamus:

151 531 355 585 Portus
372 531 657 594 Herculis,
698 532 988 586 Metaurus
1017 537 1213 596 amnis,
1249 538 1629 588 Tauroentum
1655 549 1750 599 op-

147 599 359 667 pidum,
396 600 599 652 Portus
642 602 879 664 Orestis,
922 609 979 655 et
1000 603 1242 658 Medma.
1300 603 1574 669 Oppidum
1598 601 1753 668 Scyl·

151 668 354 731 laeum,
401 669 617 721 Cratais
661 668 883 735 fluvius,
924 677 1108 725 mater
1145 676 1232 734 (ut
1255 671 1467 734 dixere)
1508 670 1754 738 Scyllae.

151 736 294 789 Dein
314 738 574 790 columna
593 738 805 806 Rhegia
827 758 841 791 z
882 739 1131 792 Siculum
1156 740 1362 793 fretum
1377 776 1395 802 ,
1439 755 1504 791 ac
1531 740 1640 791 duo
1663 740 1757 791 ad-

150 808 751 925 versoeprgmontoria:
795 809 1053 890 eit-Italia
1076 811 1314 890 paenys,
1356 824 1426 862 ex
1446 807 1638 860 Sicilia
1660 809 1757 928 lge-
1787 833 1790 842 .

149 875 1758 1014 ἕῗωωᾱυοᾋὲἶῖξῖᾒ.’ὸῗῗὲἓωιέἕὲῗζῖἲέῖηῗ’ὲῗίἱῗεῗῑ

150 1014 221 1075 la,
244 1015 690 1079 promontorium
727 1015 1085 1082 Leucopetra
1119 1015 1223 1070 x11
1265 1016 1343 1068 M.
1365 1030 1509 1081 pass.
1565 1016 1647 1067 Ab
1687 1030 1757 1067 ea

149 1081 324 1133 Locri
345 1083 725 1147 cognominati
756 1100 791 1135 a
811 1086 1194 1151 promontorio
1216 1082 1519 1153 Zephyri0‚
1555 1087 1755 1138 absum
1819 1140 1823 1144 ,
1846 1130 1857 1136 -

151 1164 183 1200 a
201 1150 389 1201 Silaro
412 1151 616 1202 eccm
644 1153 720 1203 M.
747 1168 1026 1219 passuum.
1372 1195 1401 1207 a
1618 1215 1627 1224 .

187 1220 294 1276 „Et
316 1217 621 1271 includitur
640 1223 894 1290 Europae
915 1225 1071 1275 sinus
1093 1225 1321 1290 primus,
1357 1225 1415 1275 in
1440 1237 1615 1289 eoque
1642 1236 1754 1273 ma-

151 1288 238 1339 ria
259 1294 679 1355 nuncupantur:
720 1291 865 1343 unde
889 1293 1142 1358 irrumpit
1165 1293 1518 1352 Atlanticum,
1541 1294 1609 1342 ab
1634 1290 1758 1341 aliis

149 1371 452 1423 magnum:
494 1372 602 1425 qua
638 1360 827 1423 intrat,
877 1359 1498 1420 PorthmosaGraecis,
1544 1358 1757 1408 anobis
1860 1415 1869 1424 ,

27 1401 44 1470 μ.
149 1426 489 1478 Gaditanum
530 1427 759 1480 fretum:
800 1444 922 1480 cum
958 1431 1216 1491 intravit,
1252 1427 1582 1493 Hispanum,
1656 1441 1754 1476 ua-

145 1502 315 1558 tenus
338 1496 637 1563 Hispanias
662 1497 841 1550 illuit:
875 1497 944 1552 ab
966 1496 1095 1549 aliis
1116 1497 1410 1558 ibericum,
1433 1502 1532 1546 aut
1555 1495 1638 1546 Ba
1664 1509 1754 1546 ea-

148 1566 333 1617 ricum
355 1582 370 1615 :
412 1581 539 1618 mox
583 1567 863 1620 Gallicum
906 1573 1038 1620 ante
1081 1566 1498 1623 Narbonensem
1542 1565 1758 1629 provin-

149 1635 297 1687 ciam
316 1652 332 1685 :
372 1633 500 1686 hinc
528 1633 896 1706 Ligusticum.
941 1637 1024 1688 Ab
1055 1635 1227 1687 eoad
1249 1633 1498 1685 Siciliam
1521 1632 1758 1684 insulam

148 1705 424 1755 Tuscum:
448 1706 594 1772 quod
615 1720 685 1758 ex
708 1705 940 1758 Graecis
979 1704 1081 1757 alii
1101 1702 1349 1763 Notium,
1394 1701 1495 1753 alii
1514 1700 1758 1768 Tyrrhe·

27 1790 34 1795 *
144 1788 301 1837 num,
345 1788 379 1824 e
399 1775 608 1825 nostris
646 1775 870 1840 plurimi
900 1772 1144 1825 Inferum
1184 1762 1401 1825 vocant.
1438 1766 1604 1825 Ultra
1626 1769 1758 1821 Sici-

144 1840 285 1895 liam
331 1840 403 1893 ad
444 1841 795 1905 salentinos,
838 1841 1140 1894 Ausonium
1177 1841 1452 1909 Polybius
1494 1839 1756 1907 appellat.

144 1908 553 1964 Eratosthenes
576 1918 760 1980 autem
791 1912 940 1963 inter
960 1911 1167 1962 ostium
1193 1912 1395 1963 Oceani
1433 1915 1489 1961 et
1509 1908 1753 1961 Sardini-

145 1995 234 2032 am
260 1980 530 2046 quidquid
572 1987 698 2046 est,¹
719 1980 1011 2033 Sardoum.
1072 1980 1204 2032 Inde
1237 1981 1309 2032 ad
1333 1978 1583 2032 Siciliam
1615 1978 1757 2043 Tyrn

145 2048 403 2102 rhenum.
439 2051 521 2102 Ab
545 2048 649 2102 hac
672 2051 891 2102 Cretam
925 2063 1099 2118 usque
1122 2049 1365 2102 Siculum
1389 2066 1402 2099 ε
1452 2049 1520 2100 ab
1545 2061 1613 2100 ea
1632 2048 1758 2098 Cre-

147 2120 349 2171 ticum.

216 2187 320 2238 XI.
357 2187 576 2240 Insulae
617 2203 719 2255 per
755 2186 890 2241 haec
923 2190 1102 2241 maria
1135 2187 1351 2254 primae
1394 2184 1638 2241 omnium
1670 2183 1755 2236 Pi-

146 2263 359 2323 tyusae
383 2271 417 2307 a
437 2257 665 2310 Graecis
684 2258 886 2321 dictae,
906 2273 940 2309 a
964 2257 1170 2310 frutice
1191 2256 1391 2323 pineo:
1437 2270 1582 2306 nunc
1603 2255 1753 2306 Ebu-

147 2341 250 2378 sus
291 2332 528 2377 vocatur
562 2332 799 2394 utraque
822 2362 839 2390 ,
884 2327 1109 2379 civitate
1148 2327 1442 2378 foederata
1463 2360 1480 2387 ,
1520 2329 1758 2390 angusto

150 2394 305 2446 freto
337 2392 722 2447 interfluente:
784 2402 977 2462 patent
1009 2395 1190 2448 XLV!
1224 2393 1304 2444 M.
1346 2409 1495 2460 pass.
1546 2394 1762 2444 Absunt

149 2478 188 2514 a
205 2463 418 2515 Dianio
439 2464 808 2531 septingentis
849 2464 1048 2516 stadiis
1070 2481 1083 2514 :
1124 2463 1361 2516 totidem
1379 2463 1639 2515 Dianium
1659 2475 1759 2527 per

97 2536 105 2542 “
150 2531 526 2583 continentem
550 2548 585 2583 a
599 2532 932 2601 Carthagine
946 2547 1107 2585 nova.
1145 2533 1495 2585 Tantundem
1519 2546 1553 2583 a
1568 2530 1758 2598 Pityu-

148 2600 233 2651 sis
252 2602 311 2652 in
332 2601 526 2662 altum,
553 2601 817 2655 Baleares
839 2603 998 2665 duae,
1045 2608 1102 2654 et
1122 2600 1424 2654 Sucronem
1444 2615 1637 2655 versus
1656 2601 1759 2649 οο-

1225 2673 1346 2734 412
