2009 3025
250 88 554 174 Numi
592 120 935 177 msa-on.
972 124 1139 179 Lm.
1188 124 1516 184 1V.12-16.
1585 131 1694 202 2373

66 218 580 289 Thermopylarum
625 231 949 293 angustiae:
992 244 1100 297 quo
1141 219 1470 298 argumento
1510 232 1590 284 lV
1610 236 1694 287 Μ.

70 306 340 357 passuum
378 292 508 345 inde
549 296 862 360 Heraclea,
900 299 1147 350 Trachin
1187 299 1339 350 dicta
1369 306 1471 352 est.
1524 302 1690 355 Mons

70 361 152 413 ibi
200 360 577 414 Callidromus
596 380 613 413 t
657 366 859 431 oppida
899 368 1145 421 celebria
1165 405 1182 431 ,
1225 369 1422 421 Hellas
1439 406 1453 431 ‚
1490 366 1703 433 Halos}

13 487 16 490 ,
72 429 298 491 Lamia,
338 429 556 494 Phthia,
594 435 760 494 Arne.

13 495 14 504 ’
142 496 271 549 XV.
313 499 373 549 ln
418 500 714 554 Thessalia
753 513 939 559 autem
982 506 1384 567 Orchomenum,
1424 506 1691 574 Minyeus

13 585 18 594 ·
75 575 244 618 antea
268 566 490 620 dictus:
537 577 596 622 et
638 574 897 639 oppidum
929 576 1156 637 *Almon,
1190 578 1259 629 ab
1293 577 1418 627 aliis
1444 576 1692 638 Salmon,

74 639 273 699 Atrax,
296 637 556 692 Pelinna:
574 639 705 693 fons
719 643 992 710 Hyperia.
1032 644 1277 711 Oppida:
1299 645 1533 707 Pherae,
1557 660 1690 713 qua·

73 718 199 757 rum
232 722 268 757 a
290 712 449 775 tergo
470 707 648 761 Pieris
669 712 738 761 ad
762 713 1148 765 Macedoniam
1172 713 1549 780 protenditur,
1586 715 1693 765 La·

73 773 239 837 rissa,
265 774 525 844 Gomphi,
570 778 800 833 Thebae
819 782 1164 843 Thessaliae,
1206 785 1396 834 nemus
1419 781 1654 834 Pteleon
1671 799 1687 831 ε

73 845 231 902 sinus
254 843 570 911 Pagasicus.
608 848 884 916 Oppidum
908 850 1174 918 Pagasae,
1194 852 1343 903 idem
1361 860 1560 919 postea
1578 851 1690 907 De·
1714 862 1723 868 ’

73 913 307 964 metrias
330 914 556 976 dictum,
580 914 797 982 Tricca,
819 918 1127 972 Pharsalici
1153 921 1330 987 campi
1351 936 1471 972 cum
1494 922 1688 971 civita-

72 987 130 1033 te
150 982 353 1046 libera,
375 984 613 1047 Cranen,
632 988 818 1040 Iletia.
873 988 1096 1040 Montes
1120 988 1481 1051 Phthiotidis,
1506 988 1558 1040 N
1559 1004 1682 1055 ym-

73 1049 303 1117 phaeus,
342 1053 617 1118 quondam
659 1058 904 1122 topiario
929 1064 1163 1109 naturae
1203 1074 1367 1125 opere
1408 1059 1686 1124 spectabi-

72 1120 172 1171 lis:
212 1119 565 1189 Buzygaeus,
599 1122 908 1189 Donacesa,
930 1126 1206 1189 Bermius,
1227 1126 1529 1194 Daphissa‚
1551 1124 1681 1178 Chi·
1707 1129 1712 1134 '

73 1189 309 1250 mel-ion,
347 1190 634 1254 Athamas,
665 1193 961 1262 Stephane.
1000 1194 1064 1248 ln
1086 1195 1380 1249 Thessalia
1399 1203 1531 1249 sunt
1552 1212 1685 1264 qua·

73 1264 202 1309 tuor
241 1265 411 1326 atque
457 1262 714 1328 triginta:
756 1280 985 1333 quorum
1032 1265 1365 1318 nobilissimi
1387 1301 1403 1327 ,
1447 1267 1684 1326 Cerceti‚

76 1328 367 1396 Olympus,
407 1328 630 1394 Pierus,
645 1332 810 1385 Ossa:
858 1335 1016 1387 cuius
1042 1348 1111 1385 ex
1132 1334 1371 1387 adverso
1393 1334 1602 1386 Pindus
1625 1344 1685 1386 et

77 1396 307 1466 Othrys,
351 1397 713 1466 Lapitharum
759 1402 945 1454 sedes:
990 1399 1050 1452 hi
1071 1402 1142 1452 ad
1166 1416 1426 1454 occasum
1455 1416 1685 1469 vergen-

13 1507 14 1519 2
80 1473 189 1520 tes:
234 1467 305 1520 ad
328 1474 503 1533 ortus,
523 1469 739 1541 Pelius:
778 1486 971 1524 omnes
995 1470 1259 1522 theatrali
1281 1469 1448 1522 modo
1469 1469 1684 1534 inflexi,

76 1540 324 1593 caveatis
347 1545 478 1592 ante
500 1555 597 1593 eos
620 1543 981 1610 septuaginta
1001 1543 1240 1609 quinque
1263 1539 1513 1591 urbibus.
1550 1539 1684 1589 Flu·

13 1614 14 1659 ἶ
72 1607 225 1659 min‘a
246 1605 591 1674 Thessaliae,
615 1610 914 1677 Apidanus,
935 1608 1205 1670 Phoeni1‚
1237 1608 1516 1688 Enipeus&
1541 1608 1685 1658 Ono·

13 1674 14 1681 ’
72 1674 305 1738 chenus,
329 1678 601 1731 Pamisus.
638 1680 796 1742 Fons
811 1680 1070 1732 Messeis.
1104 1680 1287 1731 Lacus
1307 1676 1566 1728 Boebeis.
1607 1677 1683 1727 Et

73 1750 203 1814 ante
218 1752 450 1799 cunctos
469 1748 729 1802 claritate
751 1749 985 1810 Peneus,
1012 1751 1168 1799 ortus
1189 1748 1351 1797 iuxta
1367 1744 1681 1810 Gomphos:
1730 1809 1737 1819 ⁸

73 1814 331 1882 interque
354 1817 550 1870 Ossam
570 1823 628 1871 et
650 1819 951 1885 Olympum
986 1829 1280 1869 nemorosa
1314 1814 1566 1867 convalle
1588 1813 1681 1866 de-

73 1882 250 1937 fluens
267 1886 585 1955 quingentis
604 1888 815 1950 stadiis,
850 1886 1088 1938 dimidio
1114 1887 1235 1939 eius
1258 1884 1429 1953 spatii
1450 1883 1680 1951 naviga-

15 1988 16 1995 η
71 1952 217 2006 bilis.
255 1956 319 2007 ln
346 1971 413 2008 eo
434 1972 596 2008 cursu
608 1958 819 2024 Tempe
839 1963 1114 2009 vocantur
1136 1957 1375 2023 quinque
1397 1954 1536 2005 mill.
1557 1968 1682 2019 pas·

73 2037 227 2075 suum
253 2023 630 2093 longitudine,
671 2033 730 2078 et
758 2025 933 2079 ferme
965 2025 1341 2093 sesquiiugeri
1362 2023 1682 2081 latitudine,

70 2092 219 2146 ultra
233 2095 410 2152 visum
422 2094 660 2148 hominis
681 2096 1074 2148 attollentibus
1094 2111 1153 2147 se
1169 2095 1399 2147 dextera
1411 2093 1680 2157 laevaque

70 2162 274 2214 leniter
297 2165 555 2217 convexis
574 2165 740 2233 iugis.
792 2165 951 2216 Intus
973 2179 1079 2216 sua
1098 2165 1222 2216 luce
1239 2162 1518 2214 viridante
1540 2160 1681 2242 alla·

70 2231 220 2283 bitur
244 2231 478 2296 Peneus,
520 2233 716 2286 viridis
746 2235 984 2295 calcu10,
1031 2247 1297 2286 amoenus
1337 2231 1486 2282 circa
1523 2241 1678 2294 ripas

70 2301 342 2366 gramine,
385 2309 622 2356 canorus
661 2303 846 2355 avium
886 2309 1174 2356 concentu.
1230 2300 1443 2364 Accipit
1464 2312 1677 2349 amnem

69 2370 270 2432 oreon,
310 2386 414 2423 nec
454 2372 682 2438 recipit3
724 2372 824 2425 sed
865 2373 974 2423 olei
1017 2371 1183 2423 modo
1227 2373 1678 2448 supernatantem

69 2441 150 2501 (ut
174 2438 393 2491 dictum
414 2448 500 2492 est
521 2442 791 2503 Homero)
828 2442 984 2493 brevi
1015 2440 1196 2508 spatio
1217 2441 1497 2506 portatum
1523 2435 1677 2518 31)ᾱὲ-

69 2514 158 2559 cat
175 2525 191 2557 z
236 2509 505 2577 poenales
544 2526 713 2578 aquas
737 2502 982 2577 dirisque
1008 2509 1230 2577 genitas
1255 2507 1536 2575 argenteis
1557 2519 1673 2557 suis

69 2577 294 2630 misceri
321 2593 602 2632 recusans.
917 2620 923 2628 .

131 2645 284 2768 {VL
325 2646 655 2707 Thessaliae
677 2660 892 2703 annexa
908 2645 1201 2715 Magnesia
1221 2652 1308 2768 {st
1324 2681 1342 2709 ,
1372 2646 1528 2699 cuius
1550 2643 1673 2696 fons

194 2730 338 2769 ωτι.
376 2717 542 2770 Tou.
580 2720 622 2770 Ι.
