2009 3025
393 77 498 132 154
792 77 850 130 C.
888 76 1168 136 PLINII
1202 73 1570 133 SECUNDI

396 194 527 234 mox
547 180 728 248 iurgia
747 185 804 231 et
819 180 964 242 odia,
987 186 1153 246 atque
1173 178 1341 232 etiam
1359 177 1634 232 furtorum
1651 196 1770 234 esse
1788 186 1845 234 et
1864 196 1943 235 sce·

295 302 308 309 ,
395 252 571 302 lerum
600 250 846 300 numina.=
888 248 1043 299 Deus
1064 255 1151 300 est
1190 248 1413 299 mortali
1451 250 1640 301 iurare
1674 252 1943 311 mortalem,

397 327 455 369 et
475 316 608 369 haec
629 317 701 368 ad
723 324 999 369 aeternam
1024 317 1257 382 gloriam
1279 318 1386 367 via.
1452 319 1575 369 Hae
1594 334 1846 381 proceres
1868 320 1947 370 iere

397 387 659 437 Romani:
680 385 780 437 hac
801 401 944 436 nunc
966 385 1197 437 caelesti
1217 399 1382 448 passu
1405 398 1524 434 cum
1549 385 1739 436 liberis
1762 386 1878 437 suis
1893 402 1951 437 va·

400 454 484 506 dit
524 453 795 504 maximus
843 454 1022 504 omnis
1063 452 1185 502 aevi
1202 457 1387 502 rector
1411 453 1779 518 Vespasianus
1801 455 1951 521 Augu·

395 529 517 573 stus
546 522 710 573 fessis
732 523 895 574 rebus
925 520 1266 571 subveniens.
1325 519 1437 571 Hic
1458 529 1545 572 est
1581 522 1953 573 vetustissimus

395 590 672 644 referendi
690 589 1166 643 benemerentibus
1197 589 1435 655 gratiam
1459 604 1596 651 mos,
1636 596 1702 639 ut
1721 589 1864 643 tales
1884 606 1951 641 nu-

396 658 635 710 minibus
656 658 988 709 adscribant.
1056 657 1269 723 Quippe
1291 663 1347 708 et
1371 658 1610 709 omnium
1634 658 1864 710 aliorum
1885 674 1951 709 110·

396 727 547 778 mina
578 727 839 788 Deorum,
878 730 934 777 et
954 739 1094 790 quae
1114 740 1286 790 supra
1307 726 1476 777 retuli
1499 727 1755 788 siderum,
1794 724 1867 779 ex
1885 726 1951 778 ho·

391 795 602 845 minum
663 799 796 845 nata
854 800 983 844 sunt
1043 794 1279 845 meritis.
1358 795 1542 846 lovem
1604 796 1825 861 quidem
1885 802 1953 847 aut

334 859 338 863 ’
391 862 750 925 Mercurium,
795 861 1029 913 aliterve
1072 862 1211 926 alios
1243 862 1393 914 inter
1415 878 1475 915 se
1515 864 1724 924 vocati,
1763 870 1820 916 et
1859 879 1954 915 esse

396 932 690 985 caelestem
725 930 1216 993 nomenclaturam,
1258 932 1378 996 quis
1400 947 1507 983 non
1526 932 1955 998 interpretatione

394 1007 627 1052 naturae
668 998 945 1051 fateatur2
986 998 1322 1050 irridendum
1346 1014 1476 1051 vero
1500 1015 1667 1066 agere
1689 1016 1872 1053 curam
1892 1015 1954 1051 re-

393 1083 516 1119 rum
538 1067 899 1119 humanarum
920 1067 1059 1116 illud
1098 1067 1365 1133 quidquid
1386 1073 1473 1118 est
1493 1083 1776 1118 summum.
1830 1070 1957 1121 Anne

393 1144 509 1186 tam
532 1136 677 1185 tristi
700 1141 861 1201 atque
882 1135 1179 1201 multiplici
1195 1136 1507 1189 ministerio
1524 1150 1641 1191 non
1660 1136 1830 1202 pollui
1858 1151 1956 1188 cre·

396 1203 589 1253 damus
614 1203 1030 1254 dubitemusvess
1071 1203 1182 1255 Vix
1209 1219 1382 1271 prope
1413 1211 1498 1256 est
1518 1205 1778 1267 iudicare,
1796 1210 1957 1255 utrum

391 1272 572 1339 magis
596 1271 863 1323 conducat
883 1273 1079 1339 generi
1099 1272 1356 1335 humano,
1393 1273 1608 1340 quando
1632 1274 1761 1324 aliis
1798 1274 1960 1327 nullus

395 1346 484 1397 est
525 1339 750 1392 deorum
773 1347 1077 1407 respectus,
1117 1342 1242 1392 aliis
1264 1342 1564 1407 pudendus·
1619 1342 1878 1396 Externis
1896 1342 1960 1392 fa·

394 1407 675 1460 mulantur
715 1412 914 1471 sacris3
955 1425 1025 1462 ac
1048 1410 1239 1477 digitis
1263 1410 1396 1462 deos
1436 1418 1681 1477 gestant:
1739 1416 1964 1462 monstra

396 1484 633 1544 quoque,
656 1492 793 1542 quae
819 1479 1026 1542 colunt,
1053 1478 1342 1543 damnant;
1387 1485 1444 1532 et
1465 1481 1783 1549 excogitant
1807 1480 1962 1534 cibos:

396 1546 630 1611 imperia
652 1546 773 1598 dira
792 1548 850 1599 in
870 1548 1044 1613 ipsos,
1065 1564 1135 1602 ne
1155 1563 1349 1599 somno
1372 1549 1590 1616 quidem
1615 1552 1827 1617 quieto,
1847 1551 1964 1600 irro-

397 1614 676 1680 gant.N0n
698 1617 1178 1679 matrimoniamon
1196 1618 1423 1680 liberos,
1446 1634 1557 1669 non
1579 1620 1814 1685 denique
1837 1616 1965 1684 quid·

396 1698 561 1747 quam
585 1684 755 1746 aliud,
776 1685 884 1735 nisi
911 1685 1228 1737 iuvantibus
1247 1690 1436 1750 sacris,
1477 1687 1747 1753 deligunt.
1802 1688 1844 1737 A
1854 1683 1966 1737 liiin

397 1750 670 1816 Capitolio
698 1752 928 1816 fallunt,
969 1769 1036 1805 ac
1055 1754 1442 1807 fulminantem
1483 1757 1737 1821 peierant
1776 1757 1967 1810 lovem:

397 1825 455 1869 et
476 1817 577 1870 hos
601 1819 790 1873 iuvant
812 1823 1042 1884 scelera,
1065 1822 1195 1873 illos
1217 1838 1375 1877 sacra
1396 1839 1497 1874 sua
1509 1821 1709 1889 'poenis
1732 1830 1918 1890 agunt.

463 1886 680 1937 Invenit
713 1895 898 1941 tamen
921 1891 1086 1955 ⁸inter
1124 1888 1223 1941 has
1245 1896 1502 1958 utrasque
1543 1893 1966 1944 sententiasxme·

396 1954 549 2005 dium
571 1956 821 2021 sibiipsa
861 1959 1176 2010 mortalitas
1202 1974 1420 2021 numen,
1464 1961 1781 2027 queminus
1827 1959 1971 2013 etiam

393 2022 563 2088 plana
584 2022 650 2074 de
687 2024 810 2074 Deo
831 2026 1162 2077 coniectatio
1185 2033 1349 2078 esset.
1414 2029 1559 2079 Toto
1606 2032 1815 2095 quippe
1836 2039 1971 2079 mun-

396 2091 490 2154 do,
512 2096 569 2143 et
590 2090 728 2141 locis
752 2092 1025 2154 omnibus,
1050 2096 1408 2163 omnibusque
1432 2094 1585 2147 horis
1607 2099 1861 2148 omnium
1898 2108 1972 2144 το·

394 2159 549 2210 cibus
588 2158 838 2208 Fortuna
857 2161 978 2210 sola
996 2162 1311 2220 invocatur:
1371 2179 1483 2212 una
1502 2166 1849 2225 nominatur,
1883 2173 1973 2213 una

393 2231 703 2287 accusatur,
722 2240 834 2277 una
852 2227 1036 2294 agitur
1053 2243 1166 2290 rea,
1186 2244 1297 2294 una
1318 2230 1612 2295 cogitatur,
1649 2233 1781 2285 sola
1800 2229 1973 2282 lauda-

390 2300 503 2357 tur,
538 2293 660 2343 sola
681 2295 949 2361 arguitur,
992 2302 1050 2347 et
1069 2312 1188 2347 cum
1211 2299 1471 2349 conviciis
1494 2300 1733 2352 colitur:
1775 2297 1975 2352 volubi-

390 2362 478 2428 lis,
500 2376 533 2411 a
552 2361 827 2428 plerisque
849 2380 979 2416 vero
1003 2371 1060 2416 et
1077 2380 1243 2418 caeca
1267 2367 1436 2419 etiam
1458 2368 1813 2433 existimata,
1836 2380 1974 2447 vaga.

389 2429 730 2491 inconstans,
769 2431 999 2494 incerta,
1058 2435 1231 2495 varia,
1263 2435 1728 2503 indignorumque
1769 2438 1975 2490 fautu-11.

391 2495 541 2548 Huic
562 2500 743 2549 omnia
757 2499 1278 2568 feruntur-accepta:
1302 2510 1359 2555 et
1380 2505 1437 2553 in
1453 2510 1574 2557 tota
1594 2508 1826 2559 ratione
1855 2515 1975 2571 mct-

389 2563 604 2631 talium,
635 2568 766 2621 ‘sola
786 2575 1080 2641 utramque
1099 2572 1360 2642 paginam
1398 2571 1554 2632 facit.
1595 2575 1878 2643 Adeoque
1892 2571 1982 2626 obi
