2009 3025
392 126 697 209 NAruR.
738 127 1086 187 maroa„
1122 90 1286 188 Lis.
1322 135 1390 190 v.
1430 133 1515 190 ιο.
1637 102 1749 192 ’3ι5

134 234 213 303 ab
228 230 528 301 Aethiopia
545 232 863 303 dispescens
877 270 895 297 ,
930 235 1286 291 etiamsinon
1311 239 1560 304 protinus
1578 252 1749 307 popu·

136 303 225 365 lis,
249 300 388 354 feris
410 308 598 355 tamen
619 311 678 357 et
697 304 901 358 belluis
919 304 1202 373 frequens,
1237 306 1611 374 silvarumque
1632 310 1749 376 opi-

136 372 252 432 fex,
273 369 491 423 medios
508 372 812 441 Aethiopas
833 383 1011 437 secat,
1031 376 1458 442 cognominatus
1478 382 1745 443 Astapus3
1770 426 1780 447 ,

135 438 288 508 quod
322 439 546 492 illarum
576 443 823 509 gentium
855 441 1050 510 lingua
1078 445 1361 511 significat
1389 460 1642 512 aquame
1663 453 1747 499 te·

134 509 326 562 nebris
356 509 741 575 profluentem.
810 510 1027 564 Insulas
1055 512 1141 565 ita
1159 515 1477 567 innumeras
1506 516 1746 583 spargit,

132 575 516 644 quasdamque
533 583 649 630 tam
669 585 864 632 vastae
883 580 1300 648 magnitudinis,
1321 589 1404 646 ut',
1428 596 1764 649 quanquam·

130 647 336 713 rapida
354 647 674 709 celeritate,
716 655 900 701 tamen
924 649 1142 702 dierum
1173 651 1415 719 quinque
1445 666 1612 704 cursu
1631 669 1743 704 non

128 714 388 769 breviore
409 718 741 769 transvolet=
762 720 910 769 circa
930 717 1297 771 clarissimam
1310 734 1497 774 earum
1509 721 1746 773 Meroen

126 784 438 839 Astabores
452 786 618 838 laevo
640 786 797 838 alveo
824 786 1036 850 dictus,
1074 785 1183 843 hoc
1204 794 1316 851 est,
1354 803 1543 840 ramus
1565 805 1599 842 a
1638 806 1745 843 uae

123 853 404 907 venientis
425 868 457 906 e
474 855 742 908 tenebris:
774 855 975 908 dextro
997 871 1129 909 vero
1148 856 1353 930 Astusa
1393 873 1468 920 es,
1499 855 1622 928 quo,
1666 860 1747 911 la·

124 924 306 978 tentis
325 922 787 991 significationem
808 923 1037 976 adiicit:
1075 941 1177 978 nec
1198 932 1330 979 ante
1401 927 1532 991 ilus,
1573 943 1743 996 quam

122 1007 190 1045 se
211 998 400 1044 totum
422 993 581 1060 aquis
603 993 972 1046 concordibus
991 1008 1185 1046 rursus
1215 996 1415 1049 iunxit.
1490 996 1585 1049 Sic
1608 1010 1744 1065 quo-

85 1116 97 1127 ,
122 1076 235 1130 que
254 1062 560 1114 etiamnum
583 1061 745 1124 Siris,
784 1068 847 1115 ut
872 1069 1019 1127 ante,
1058 1065 1377 1117 nominatus
1406 1079 1507 1132 per
1526 1066 1743 1132 aliquot

119 1131 327 1195 millia,
366 1136 422 1183 et
442 1131 496 1183 in
519 1136 703 1185 totum
726 1134 974 1185 Homero
992 1135 1313 1201 Aegyptus,
1354 1135 1588 1204 aliisque
1609 1137 1739 1188 Tri·-

121 1209 251 1255 ton:
274 1200 510 1253 subinde
532 1202 729 1253 insulis
749 1202 1044 1269 impactus,
1063 1204 1304 1257 totidem
1326 1204 1591 1259 incitatus
1610 1204 1736 1256 irri-

119 1273 421 1322 tamentis:
465 1277 752 1337 postremo
773 1271 1019 1323 inclusus
1040 1274 1350 1337 montibus,
1387 1291 1491 1329 nec
1513 1272 1739 1328 aliunde

116 1339 461 1402 torrentior,
501 1344 694 1395 vectus
713 1341 869 1405 aquis
888 1342 1314 1406 properantibus
1337 1342 1408 1394 ad
1426 1343 1611 1394 locum
1630 1346 1735 1395 Ae·

116 1408 400 1475 thiopum,
434 1404 531 1476 dui
549 1407 825 1475 Catadupi
843 1413 1133 1470 vocantur,
1156 1410 1463 1462 novissimo
1485 1417 1734 1463 catarra-

117 1484 214 1531 cte
234 1479 391 1532 inter
419 1482 775 1531 occursantes
807 1475 1070 1543 scopulos
1100 1491 1207 1528 non
1248 1476 1421 1531 fluere
1465 1478 1735 1530 immenso

113 1548 362 1617 fragore
382 1547 645 1609 creditur,
664 1546 767 1599 sed
788 1561 968 1598 ruere.
1042 1545 1248 1598 Postea
1270 1545 1413 1598 lenis
1435 1553 1493 1600 et
1509 1546 1739 1599 confra-

111 1620 231 1671 ctis
256 1618 417 1685 aquis
441 1616 763 1683 domitaque
784 1614 1077 1675 violentia,
1102 1614 1315 1681 aliquid
1340 1621 1397 1667 et
1420 1615 1604 1682 spatio
1628 1614 1740 1668 fes·

110 1705 237 1750 sus,
281 1687 473 1740 multis
491 1686 744 1756 quamvis
763 1684 1029 1750 faucibus
1059 1684 1117 1734 in
1136 1685 1478 1752 Aegyptium
1500 1699 1653 1737 mare
1674 1700 1736 1736 se

111 1757 352 1811 evomit.
378 1757 560 1808 Certis
583 1761 771 1807 tamen
795 1754 993 1806 diebus
1015 1759 1184 1805 auctu
1205 1767 1410 1823 magno
1434 1769 1534 1822 per
1552 1758 1735 1806 totam

108 1826 400 1895 spatiatus
420 1828 756 1893 Aegyptum,
776 1822 1093 1878 foecundus
1112 1822 1333 1876 innatat
1355 1830 1559 1877 terrae.

193 1897 406 1957 Causas
424 1892 591 1947 huius
610 1892 941 1945 incrementi
953 1892 1143 1950 varias
1155 1892 1454 1959 prodidere
1468 1911 1483 1945 ε
1505 1891 1602 1945 sed
1618 1908 1736 1945 ma-

108 1965 272 2021 xime
292 1964 638 2031 probabiles,
679 1962 1000 2018 Etesiarum
1034 1976 1102 2014 eo
1123 1969 1379 2032 tempore
1409 1977 1479 2016 ex
1499 1963 1734 2031 adverso

107 2034 379 2088 flantium
402 2046 807 2100 repercussum,
826 2032 979 2084 ultra
991 2033 1050 2083 in
1072 2046 1174 2084 ora
1185 2037 1312 2085 acto
1324 2033 1496 2084 mari:
1521 2037 1622 2083 aut
1632 2033 1734 2086 im-

106 2099 251 2157 bres
269 2100 597 2170 Aethiopiae
628 2101 903 2164 aestivos,
943 2100 1145 2154 iisdem
1174 2102 1388 2156 Etesiis
1415 2102 1610 2153 nubila
1630 2099 1732 2152 illo
1817 2121 1822 2126 ‚
1864 2171 1878 2179 ἡ

112 2171 436 2226 ferentibus
470 2187 503 2223 e
533 2171 752 2238 reliquo
779 2171 932 2223 orbe.
1003 2171 1271 2223 Timaeus
1298 2169 1742 2223 Mathematicus.

111 2241 400 2296 occultam
423 2231 658 2308 protulit
679 2241 983 2311 rationem:
1025 2239 1282 2309 Phialam
1315 2239 1590 2306 appellari
1610 2237 1733 2291 fon·-

106 2317 236 2370 tem
260 2311 401 2374 eius,
421 2309 714 2379 mergique
734 2308 793 2360 in
811 2308 1095 2361 cuniculos
1109 2309 1291 2375 ipsum
1302 2323 1541 2373 amnem,
1559 2321 1729 2376 vapo-

90 2393 179 2440 -aee
198 2379 552 2438 anhelantem
573 2378 804 2432 fumidis
818 2377 1093 2445 cautibus,
1114 2378 1214 2429 ubi
1228 2377 1500 2430 conditur.
1523 2375 1732 2442 Verum

112 2449 254 2504 Sole
275 2465 377 2518 per
405 2465 504 2506 eos
527 2449 649 2504 dies
669 2450 919 2502 cominus
941 2447 1118 2508 facto,
1164 2443 1383 2500 extrahi
1420 2446 1637 2499 ardoris
1657 2450 1733 2511 vi,

113 2527 180 2574 et
199 2534 531 2587 suspensum
554 2518 854 2582 abundare,
891 2531 960 2569 ac
980 2532 1049 2569 ne
1071 2516 1401 2581 devoretur,
1446 2516 1730 2570 abscondi.

111 2591 182 2644 Id
204 2592 432 2645 evenire
452 2604 488 2644 a
513 2588 677 2640 Canis
704 2585 863 2650 ortu,
901 2600 999 2655 per
1022 2586 1307 2644 introitum
1330 2584 1480 2639 Solis
1501 2586 1558 2638 in
1581 2586 1727 2640 Leo·

110 2675 269 2722 aem,
291 2664 493 2711 contra
510 2656 969 2724 perpendiculum
988 2655 1164 2732 fontis
1175 2656 1361 2712 sidere
1372 2662 1581 2720 stante,
1604 2669 1728 2710 cum
