2009 3025
1677 84 1708 107 l*

323 94 430 196 zss‘
720 140 1087 215 cumn
1150 114 1548 194 semmai

324 245 635 300 Secundum
655 245 858 297 ostium
874 243 1283 297 Naracustoma
1302 243 1637 310 appellatur.
1677 242 1937 296 mettium
1995 238 1996 297 ἔ

274 346 277 351 -
327 316 715 377 Calonstoma,
752 315 915 366 iuxta
943 316 1183 366 insulam
1208 314 1598 366 Sarmaticam.
1666 313 1938 375 Quartum
1995 322 1996 381 j

324 384 856 447 Pseudo-stomoma
878 384 933 433 in
955 385 1417 446 inulaconopon
1439 377 1728 431 diabasis:
1754 391 1939 448 postea
1995 424 1996 449 p

324 453 694 505 Boreostoma
738 458 797 504 et
835 452 1234 514 Spireostoma.
1327 446 1561 514 Singula
1606 456 1810 501 autem
1854 465 1939 502 ora
1995 462 1996 499 ι

326 530 488 574 tanta
509 527 661 581 sunt,
700 524 764 569 ut
785 517 1058 583 prodatur
1092 519 1150 567 in
1179 516 1552 584 quadraginta
1594 518 1789 569 millia
1830 534 1942 585 pas-

326 605 489 642 suum
514 587 883 655 longitudinis
908 586 1060 638 vinci
1097 600 1275 646 mare,
1321 586 1656 655 dulcemque
1704 589 1942 656 intelligi
1995 626 1996 637 ,

327 659 609 711 haustum.
740 702 753 711 .

396 729 572 780 XXV.
609 725 690 778 Ab
713 738 779 778 eo
796 724 857 775 in
879 723 1106 790 plenum
1128 722 1349 791 quidem
1389 738 1588 776 omnes
1607 724 1944 794 Scytharum
1995 790 1996 793 Ἴ

325 805 457 867 sunt
475 801 693 866 gentes:
732 794 929 846 variae
949 801 1135 845 tamen
1173 793 1335 844 litori
1374 794 1639 859 opposita
1686 805 1942 850 tenuere:
1995 846 1996 849 ,

324 867 469 920 alias
510 865 725 931 Getae,
754 863 893 915 Daoi
937 863 1201 915 Romanis
1243 862 1409 914 dicti:
1452 863 1593 914 alias
1637 864 1944 929 Sarmatae,
1995 876 1996 881 ’

323 936 556 989 Graecis
580 934 941 987 Sauromatae
957 968 974 995 ,
998 947 1300 998 eorumque
1324 933 1672 984 Hamaxobii
1699 943 1804 987 aut
1822 940 1943 988 Aor-
1995 944 1996 989 ἓ

323 1007 397 1056 si:
444 1005 586 1056 alias
607 1001 848 1070 Scythae
870 1002 1173 1069 degeneres
1195 1007 1254 1052 et
1275 1016 1310 1053 a
1328 1006 1507 1054 servis
1529 1003 1667 1066 orti,
1693 1013 1798 1056 aut
1818 1008 1941 1058 Tro·
1995 1036 1996 1043 κ

321 1070 617 1142 glodytae:
662 1087 791 1131 mox
814 1072 972 1123 Alani
1015 1079 1074 1123 et
1108 1069 1439 1122 Rhoxalani.
1508 1070 1824 1138 Superiora
1859 1090 1939 1126 au-

323 1147 437 1194 tem
458 1146 605 1192 inter
625 1139 940 1191 Danubium
965 1148 1024 1192 et
1045 1141 1390 1208 Hercynium
1413 1140 1648 1208 saltum,
1678 1158 1859 1211 usque
1874 1144 1935 1194 ad
1995 1170 1996 1181 π

321 1210 645 1262 Pannonica
687 1206 921 1260 hiberna
960 1210 1261 1272 Carnunti,
1301 1209 1831 1282 Germanorumque
1865 1214 1933 1264 ibi

322 1278 638 1339 confinium,
659 1291 886 1344 campos
907 1282 965 1329 et
983 1276 1152 1344 plana
1173 1279 1409 1347 lazyges
1432 1278 1737 1334 Sarmatae
1753 1300 1781 1332 z⁴
1795 1298 1931 1333 moa·
1995 1286 1996 1327 ἒ

318 1355 407 1402 tes
430 1363 564 1400 vero
590 1355 649 1400 et
677 1347 854 1398 saltus
897 1348 1046 1414 pulsi
1087 1349 1159 1399 ab
1183 1347 1287 1400 'his
1321 1349 1466 1400 Daci
1504 1349 1579 1401 ad
1618 1351 1931 1405 Pathissum

321 1432 559 1471 amnem.
628 1419 674 1469 A
693 1416 884 1479 Maru,
926 1418 1045 1470 sive
1064 1417 1116 1469 is
1138 1417 1318 1469 Duria
1339 1424 1441 1479 est,
1457 1434 1498 1470 *a
1519 1418 1727 1474 Suevis
1750 1436 1933 1489 regno÷

321 1503 427 1557 que
449 1485 743 1539 Vanniano
768 1486 1182 1550 dirimenseos,
1225 1486 1462 1541 adversa
1503 1488 1825 1546 Basternae
1864 1501 1933 1545 ts·

319 1563 472 1619 nent,
497 1557 704 1625 aliique
726 1557 858 1609 inde
880 1557 1160 1609 Germani.
1193 1558 1445 1625 Agrippa
1466 1564 1654 1612 totum
1680 1577 1813 1613 eum
1834 1569 1936 1613 tra-

320 1626 468 1680 ctum
493 1628 563 1680 ab
586 1630 730 1680 Istro
754 1627 824 1679 ad
849 1628 1129 1679 Oceanum
1146 1626 1238 1678 ¹bis
1262 1627 1332 1679 ad
1355 1628 1541 1680 decies
1580 1638 1827 1685 centena
1863 1631 1933 1683 Μ.

318 1712 466 1765 pass.
489 1698 547 1748 in
566 1697 972 1766 longitudinem
992 1734 1008 1759 ,
1048 1702 1289 1763 quatuor
1314 1697 1646 1752 millibuset
1676 1701 1936 1768 quadrin-

357 1768 502 1819 entis
525 1770 581 1818 in
602 1767 981 1830 latitudinem,
1005 1766 1078 1818 ad
1100 1765 1304 1820 flumen
1324 1767 1608 1821 vistulam
1638 1786 1677 1822 a
1699 1771 1933 1823 desertis

362 1838 660 1897 armatiae,
701 1837 966 1903 prodidit.
1038 1834 1367 1903 Scytharum
1389 1853 1592 1891 nomen
1623 1841 1933 1922 προφω-

284 1925 291 1932 ·
318 1919 425 1973 que
444 1906 648 1960 transit
674 1908 733 1956 in
757 1905 1042 1958 Sarmatas
1065 1914 1231 1973 atque
1253 1907 1579 1960 Germanos.
1654 1909 1779 1962 Nec
1813 1911 1932 1961 aliis

314 1976 501 2043 prisca
521 1973 625 2024 illa
641 1973 866 2026 duravit
887 1976 1213 2043 appellatio,
1229 1991 1391 2044 quam
1416 1977 1512 2044 qui
1532 1980 1783 2032 extremi
1803 1995 1926 2047 gen-

314 2047 458 2096 tium
482 2043 677 2094 harum
699 2042 880 2109 ignoti
901 2060 1074 2114 prope
1094 2046 1294 2098 ceteris
1329 2047 1667 2101 mortalibus
1703 2043 1927 2117 degunt.

383 2109 586 2164 XXVI.
623 2109 828 2162 Verum
853 2116 922 2166 ab
944 2116 1090 2167 Istro
1114 2115 1335 2183 oppida,
1357 2116 1728 2181 Cremniscos,
1747 2122 1928 2186 Aepo-

311 2183 481 2234 lium:
520 2187 734 2232 montes
758 2183 1202 2248 Macrocremnii,
1223 2186 1408 2237 clarus
1429 2187 1604 2237 amnis
1626 2188 1810 2255 Tyra,
1836 2202 1928 2254 op-

236 2255 243 2262 ‘
349 2252 444 2303 ido
469 2264 669 2301 nomen
693 2251 1009 2318 imponens,
1033 2255 1129 2306 ubi
1152 2261 1320 2310 antea
1343 2254 1594 2322 Ophiusa
1614 2256 1929 2310 dicebatur.

336 2335 373 2372 n
413 2318 611 2371 eodem
651 2319 888 2374 insulam
930 2325 1238 2390 spatiosam
1289 2324 1540 2376 incolunt
1581 2326 1930 2394 Tyragetae.

308 2388 479 2438 Abest
497 2404 531 2439 a
552 2389 953 2442 Pseudostomo
977 2393 1108 2443 lstri
1131 2394 1279 2445 ostio
1304 2401 1524 2444 centum
1544 2394 1790 2463 triginta
1813 2396 1930 2448 mil-

227 2477 233 2481 ·
307 2455 455 2508 libus
478 2455 757 2524 passuum.
827 2461 963 2511 Mox
985 2462 1255 2524 Axiacae,
1296 2463 1653 2529 cognomines
1689 2463 1929 2525 flumini,

305 2522 459 2576 ultra
487 2528 912 2596 quoscrobyzi:
950 2528 1153 2582 flumen
1178 2530 1404 2595 Rhode,
1447 2533 1601 2584 sinus
1632 2531 1926 2602 Sagarim,

305 2599 504 2657 portus
524 2595 787 2647 Ordesos.
854 2597 929 2647 Et
949 2611 983 2647 a
1003 2600 1159 2663 Tyra
1181 2606 1402 2651 centum
1437 2602 1637 2670 viginti
1670 2604 1928 2656 minibus

305 2676 560 2726 passuum
583 2662 784 2716 flumen
805 2664 1208 2742 Borysthenes,
1247 2668 1605 2744 lacusque‘ct
1646 2686 1795 2739 gens
1836 2687 1925 2725 eo-

1421 2909 1440 2936 ἵ
