2009 3025
293 65 298 72 ¹
374 104 672 162 NA‘BUR.
742 106 1079 180 ffls'rou.
1149 108 1311 160 Lm.
1361 110 1403 177 ι.
1611 108 1681 160 5⁷

166 205 264 257 Ex
302 207 342 257 A
360 207 1116 270 neronians=,Muciano,
1153 205 1421 271 Procilio,
1477 210 1679 262 Verrio
1720 235 1731 244 -

35 321 36 324 ,
93 275 320 335 Flacc0‚
341 273 405 325 L.
437 274 655 338 Pisone,
678 279 839 328 Corn.
882 276 1206 338 Valeriano,
1249 280 1455 330 Catone
1476 277 1675 330 Censo-

89 344 196 404 rio,
235 343 566 404 Fenestella,
602 347 808 411 'l'rog0,
823 377 827 382 -
844 346 1022 407 Actis,
1066 346 1386 407 Columella,
1427 344 1682 411 Virgilio,

90 409 370 472 Varrone,
386 403 630 474 L‘ucilio,
649 413 878 464 Metello
901 413 1178 479 Scipione,
1198 415 1358 464 Corn.
1381 414 1558 475 Celso,
1580 414 1678 465 Ni·
1754 414 1770 440 ·'

92 479 265 548 gimo,-
285 480 495 538 Trebio
515 480 711 547 Nigro,
728 478 1032 547 Pomponio
1051 481 1220 543 Mela,
1240 482 1497 534 Mamilio
1521 480 1680 534 Sura.

161 564 211 615 E
224 579 262 616 x
277 578 314 614 ἰ’
327 577 363 616 a·
374 578 414 615 ιι
424 580 461 616 κ
475 579 494 615 1
506 577 559 618 s:
582 564 718 626 luha
736 578 888 631 rege,
907 563 1162 631 Polybio,
1191 566 1505 629 Herodoto,
1520 566 1679 626 Anti·

93 639 257 699 patro
277 667 293 694 ,
332 632 636 688 Aristotele
655 668 673 694 ,
718 633 1017 686 Demetrio
1044 632 1304 702 Pliysico,
1329 634 1683 699 Democrito,

91 700 481 767 Theophrasto
498 734 516 762 ‚
555 699 835 761 Euanthe,
873 703 1122 767 Agrippa
1160 703 1255 769 qui
1268 699 1681 766 Ὀλυμπιονίκας,

90 770 340 820 Hierone
360 783 508 835 rege,
545 768 733 822 Attalo
752 767 1131 822 Philometore
1150 770 1303 833 item,
1343 769 1545 834 Ctesia,
1564 767 1679 818 Du·
1766 783 1781 799 ¹

29 849 32 860 ²
91 837 230 901 ride,
271 836 547 897 Philisto,
611 835 891 902 Archyta,
930 836 1285 904 Phylarcho,
1320 834 1682 903 Amphilocho

90 904 409 965 Athenaeo,
448 905 747 970 Anaxipoli
785 903 1015 968 Thasio,
1057 905 1394 978 Apollodoro
1430 903 1682 965 Lemnio,

86 973 458 1040 Aristophane
491 972 734 1033 Milesio,
771 973 1053 1041 Antigono
1083 976 1343 1040 Cymaeo,
1379 970 1683 1039 Agathocle

87 1041 260 1112 Chiq,
298 1040 595 1108 Apollonio
617 1040 973 1108 Pergameno,
1014 1042 1338 1095 Aristandro
1380 1039 1681 1102 Athenaeo,

83 1109 334 1162 Bacchio
383 1109 636 1170 Mibsio,
692 1109 868 1162 Bione
907 1110 1163 1172 Solense,
1228 1107 1475 1166 Chaerea
1513 1107 1678 1162 Athe·

86 1193 231 1231 naeo
245 1214 262 1240 ,
280 1177 531 1229 Diodoro
549 1176 833 1240 Prienaeo,
855 1178 1034 1230 Dione
1056 1177 1433 1245 Colophonio,
1473 1178 1682 1246 Epige·‘

81 1265 155 1300 ne
177 1245 413 1309 Rhodio,
453 1247 717 1314 Euagono
744 1244 982 1322 Thasio,
1019 1246 1339 1315 Euphronio
1380 1244 1682 1308 Athenan,

82 1317 343 1384 Hegesia
382 1315 668 1376 Maroneo,
703 1315 1056 1377 Menandris,
1094 1315 1360 1367 Prienaeo
1378 1325 1460 1367 ‘et
1502 1316 1679 1366 Hera·

79 1386 290 1445 cleote,
321 1384 642 1436 Menecrate
700 1391 849 1445 oeta,
879 1384 1221 1436 Androtione
1244 1383 1335 1450 qui
1360 1382 1427 1434 de
1448 1384 1713 1450 agl-iouh.

85 1463 222 1505 tura
251 1452 491 1519 scripsit,
537 1454 678 1504 Aesc
716 1451 872 1503 rione
892 1451 985 1518 qui
1003 1451 1157 1514 item,
1201 1449 1552 1519 Lysimacho,
1591 1450 1686 1520 qui

83 1526 246 1584 item,
288 1522 563 1587 Dionysio
607 1522 703 1584 qui
728 1520 1026 1584 Magonem
1047 1516 1353 1581 umtiilit,
1395 1517 1684 1586 Diophane

84 1591 279 1713 (3231
302 1588 575 1654 Dionysio
598 1588 874 1653 epitomen
914 1588 1063 1650 fecit,
1102 1587 1374 1642 Archelao
1394 1602 1544 1654 rege,
1582 1588 1679 1639 Ni-

234 1673 328 1710 ro.·
1244 1672 1251 1679 ·

170 1773 375 1838 Libro
402 1756 523 1834 IX.
555 1777 916 1836 cardinem
941 1773 1314 1854 aquatilium
1341 1781 1597 1837 nalum.

80 1913 126 1962 1.
256 1956 262 1963 ,
325 1871 542 1968 Quare
565 1904 804 1955 maxima
823 1906 883 1955 in
901 1904 1045 1955 mari
1065 1906 1339 1960 animalia.

80 1982 157 2032 11.
320 1975 496 2028 Indici
518 1973 688 2024 maris
707 1972 946 2024 belluae.

79 2048 183 2100 111.
325 2045 482 2105 Quae
501 2043 558 2093 in
581 2050 801 2109 quoque
820 2042 1043 2095 Oceano
1063 2045 1354 2095 maximae.

81 2115 186 2169 lv.
325 2113 413 2168 De
437 2113 729 2179 'lssritonum
772 2115 828 2161 et
852 2109 1154 2162 Nereidum
1185 2114 1396 2179 figuris.
1469 2112 1555 2164 De
1575 2115 1682 2166 ele·

245 2200 254 2209 ·
538 2177 827 2230 hantorum
849 2178 1188 2232 marinorum
1208 2182 1421 2248 figuris.

86 2251 160 2302 V.
328 2250 470 2302 Deh
531 2249 712 2299 aenis=
753 2245 840 2298 De
861 2247 1027 2300 orcis.

89 2318 188 2373 VI.
327 2321 409 2370 An
430 2317 865 2384 spirenbpisces:
908 2330 978 2367 an
999 2317 1297 2369 dormiant.

88 2387 215 2440 vu.
325 2387 414 2438 De
437 2382 732 2452 delphinis.

86 2454 241 2508 vm.
331 2456 483 2517 Quos
506 2451 829 2505 amaverint.

90 2524 186 2577 IX.
330 2523 544 2585 Quibus
592 2522 648 2572 in
697 2521 841 2571 locis
893 2521 1164 2573 societate
1205 2536 1325 2574 cum
1366 2523 1678 2579 hominibus

499 2591 796 2659 piscentur.
