2009 3025
328 142 430 201 186
737 140 797 195 0.
833 140 1101 195 PLINII
1158 140 1521 196 SEcuNm

326 258 418 314 ma
439 242 508 300 ab
532 243 662 311 igni.
700 216 817 295 Hic
839 245 953 296 late
972 243 1224 296 funditur
1252 243 1409 305 flatu,
1447 230 1586 293 illud
1619 240 1905 310 congloba-

326 317 420 362 tur
460 311 687 379 imp’etu.
757 311 972 364 Vortex
1013 320 1199 364 autem
1237 311 1535 363 remeando
1569 309 1910 362 distatatur·

324 379 471 443 bine,
513 378 790 446 quomodo
818 381 1028 431 stridor
1066 398 1101 432 a
1142 378 1385 446 fragore.
1431 379 1684 433 Procella
1718 380 1907 430 latitu·
1959 380 1965 389 '

325 447 453 500 dine
492 449 563 497 ab
601 454 865 514 utroque:
907 449 1141 500 disiecta
1172 450 1316 499 nube
1365 450 1587 509 verius,
1627 460 1789 514 quam
1826 463 1909 501 m·

325 522 442 582 pta.
496 515 592 565 Fit
623 523 681 568 et
725 518 908 583 caligo
949 517 1169 569 belluae
1208 516 1428 577 similis,
1468 517 1609 566 nube
1651 514 1775 566 dira
1815 528 1904 566 na·
1984 564 1985 585 χ

323 583 657 650 rigantibus.
728 586 977 638 Vocatur
1000 592 1058 635 et
1080 585 1349 644 columna,
1394 599 1513 634 cum
1537 585 1804 648 spissatus
1820 581 1910 643 hu·
1984 602 1985 655 ᾗ

324 667 447 704 mor
469 651 760 719 rigensque
784 654 899 716 ipse
922 667 982 702 se
993 653 1262 703 sustinet.
1300 653 1385 702 Ex
1408 651 1600 702 eodem
1624 662 1837 717 genere,
1859 657 1910 704 et

309 719 385 787 „in
404 721 630 786 lo‘ngum
654 720 830 771 v'eluti
852 719 1040 771 fistula
1062 722 1231 771 nubes
1262 735 1457 787 aquam
1489 718 1680 770 trahit.

395 788 485 839 LI.
523 788 725 839 Hieme
748 796 805 839 et
828 794 1041 839 aestate
1064 803 1194 840 rara
1225 787 1478 849 fulmina,
1521 788 1812 843 contrariis
1847 788 1910 841 de

329 855 547 909 causis:
591 856 851 937 quoniam
889 852 1069 908 hieme
1091 857 1352 912 densatus
1375 871 1471 908 aer
1510 855 1737 906 nubium
1779 871 1913 907 cras·

326 926 477 977 siore
500 938 655 977 corno
679 926 988 992 spissatum
1027 926 1313 992 omnisque
1331 930 1615 976 terrarum
1639 923 1912 976 exhalatio

327 994 517 1062 rigens
561 1009 628 1046 ac
667 994 887 1061 gelida,
949 994 1219 1060 quidquid
1253 994 1457 1059 accipit
1495 993 1646 1057 ignei
1684 993 1915 1059 vaporis,

329 1064 654 1128 exstinguit.
691 1062 845 1123 Quae
886 1063 1034 1125 ratio
1075 1064 1366 1113 immunem
1399 1061 1684 1127 Scythiam
1705 1069 1761 1112 et
1781 1060 1916 1131 circa

328 1130 573 1196 rigentia
611 1146 646 1181 a
691 1129 978 1180 fulminum
1025 1146 1171 1193 casus
1199 1135 1481 1196 praestate
1534 1136 1591 1179 et
1631 1144 1663 1179 e
1706 1130 1912 1180 diverso

330 1198 534 1249 nimius
571 1196 739 1248 ardor
772 1200 1119 1265 Aegyptum:
1178 1199 1448 1266 siquidem
1486 1196 1651 1249 calidi
1686 1198 1913 1264 siccique

330 1264 537 1323 halitus
576 1272 794 1328 terrae,
840 1282 967 1317 raro
1005 1268 1318 1328 admodum,
1351 1273 1653 1335 tenuesque
1694 1267 1913 1317 densan·
1986 1316 1987 1321 ,

329 1341 424 1386 tur
463 1334 520 1385 in
547 1336 736 1387 nubes.
772 1334 920 1391 Vere
943 1343 1129 1387 autem
1151 1342 1210 1388 et
1228 1342 1490 1387 autumno
1511 1335 1794 1386 crebriora
1813 1332 1910 1384 {ul-
1986 1330 1987 1345 ¹

329 1402 498 1466 mina,
538 1406 817 1470 corruptis
838 1406 895 1455 in
917 1412 1152 1471 utroque
1173 1411 1422 1471 tempore
1447 1403 1680 1473 aestatis
1707 1402 1916 1456 hiemis·
1986 1424 1987 1443 ³

275 1486 282 1493 ·
332 1486 437 1541 que
460 1474 657 1526 causis.
697 1476 819 1537 Qua
839 1475 1056 1526 ratione
1082 1475 1274 1530 crebra
1292 1474 1349 1525 in
1371 1472 1563 1525 ltalia:
1606 1472 1737 1539 quia
1756 1469 1917 1523 mobi-

329 1540 441 1593 lior
461 1556 559 1594 aer
597 1542 821 1594 mitiore
859 1541 1058 1606 hieme,
1095 1550 1384 1604 etffaestate
1407 1542 1673 1603 nimbosa,
1713 1553 1917 1607 semper

333 1610 741 1678 quodammodo
764 1618 977 1673 vernat,
1019 1612 1112 1664 vel
1135 1617 1438 1664 autumnat.
1494 1611 1692 1661 ltaliae
1715 1622 1918 1678 quoquo
1984 1631 1985 1670 1

333 1680 585 1745 partibus
607 1682 692 1743 iis,
736 1696 873 1749 quae
894 1697 928 1734 a
949 1680 1357 1747 septemtrione
1377 1679 1671 1731 discedunt
1688 1678 1760 1730 ad
1778 1684 1917 1743 tepo-
1984 1679 1990 1692 ’

329 1762 465 1809 rem,
507 1748 685 1816 qualis
729 1758 815 1799 est
855 1749 1014 1800 Urbis
1055 1755 1113 1800 et
1137 1748 1466 1814 Campaniae
1503 1754 1737 1807 tractus,
1773 1747 1919 1798 iuxta

330 1814 513 1867 hieme
553 1823 611 1867 et
652 1826 864 1869 aestate
906 1816 1179 1881 fulgurat,
1220 1815 1367 1880 quod
1407 1831 1515 1866 non
1552 1815 1621 1865 in·
1641 1814 1758 1866 alio
1799 1814 1917 1864 situ.

400 1884 518 1935 Lll.
555 1884 870 1936 Fulminum
910 1883 1155 1948 ipsorum
1200 1882 1363 1949 plura
1392 1882 1918 1949 genera-traduntur.

335 1951 492 2016 Quae
546 1953 696 2003 sicca
744 1953 1008 2014 veniunt,
1063 1965 1172 2001 non
1212 1949 1466 2011 adurunt,
1512 1950 1610 1999 sod
1640 1950 1918 2016 dissipant.

335 2020 492 2081 Quae
515 2019 754 2080 humida,
794 2034 903 2069 non
945 2024 1127 2081 urunt,
1169 2018 1266 2069 sed
1309 2016 1605 2070 infuscant.
1677 2018 1925 2071 Tertium

331 2093 445 2156 est,
488 2089 636 2154 quod
676 2087 882 2138 clarum
925 2093 1157 2149 vocant.
1188 2086 1447 2137 mirificae
1488 2086 1727 2140 maxime
1770 2092 1917 2138 natu·
1988 2131 1989 2134 ,

333 2170 455 2217 rae,
511 2169 617 2221 quo
662 2155 816 2204 dolia
856 2154 1256 2208 exhauriuntur
1288 2155 1514 2205 intactis
1557 2154 1921 2220 operimentis,
1988 2177 1989 2218 3

333 2222 603 2290 nulloque
626 2221 737 2272 alio
761 2224 993 2288 vestigio
1015 2223 1249 2275 relict0.'
1269 2225 1490 2283 Aurum,
1531 2227 1588 2274 et
1610 2237 1726 2285 aes,
1761 2227 1821 2274 et
1838 2234 1918 2273 ar·
1986 2237 1989 2246 ⁴

334 2298 565 2361 gentum
605 2291 849 2355 liquatur
888 2290 1066 2353 intus,
1109 2291 1346 2343 sacculis
1385 2292 1524 2356 ipsis
1561 2290 1721 2342 nullo
1764 2283 1921 2341 modo
1986 2283 1989 2292 ⁴

331 2356 626 2419 ambustis,
667 2372 732 2408 ac
771 2374 836 2410 ne
877 2359 1109 2409 confuso
1134 2360 1357 2425 quidem
1377 2360 1538 2424 signo
1561 2373 1743 2411 cerae.
1779 2358 1919 2410 Mar·
1986 2365 1989 2400 ‘1

333 2427 429 2479 cia
450 2425 705 2491 princeps
727 2425 1091 2477 Romanarum
1111 2428 1225 2478 icta
1244 2426 1494 2493 gravida,
1532 2434 1699 2491 partu
1735 2421 1917 2479 exani·
1988 2429 1989 2432 ’

331 2497 528 2552 mato,
565 2493 691 2559 ipsa
726 2494 871 2544 citra
909 2494 1084 2545 ullum
1130 2493 1283 2545 aliud
1324 2495 1734 2546 incommodum
1772 2487 1921 2548 vixit.

329 2558 398 2610 ln
421 2557 742 2612 Catilinanis
777 2560 1051 2628 prodigiis
1074 2562 1409 2627 Pompeiano
1441 2577 1509 2614 ex
1530 2555 1923 2627 municipion-
1986 2589 1991 2598 ·

329 2623 654 2680 Herennius
672 2628 913 2698 Decurio
929 2644 1129 2682 sereno
1153 2629 1243 2681 die
1263 2629 1500 2684 fulmine
1523 2631 1670 2696 ictus
1690 2635 1798 2685 est.
1890 2665 1917 2680 ψ
1934 2617 1989 2658 ”¹¹

1621 2854 1648 2866 -
