2009 3025
295 112 597 168 NATUR.
636 114 988 201 ulsfroR.
1050 116 1213 174 LIB.
1261 120 1358 174 IV.
1400 122 1483 174 1⁷.
1587 122 1692 175 275

145 218 216 269 In
241 231 342 269 ora
364 219 518 270 sinus
541 219 893 273 Macedonici
916 221 1177 288 oppidum
1201 220 1511 284 Chalastra,
1537 230 1593 276 et
1612 225 1698 276 in-

72 300 176 340 tus
202 286 478 351 Phileros,
502 288 694 342 Lete:
738 289 1033 359 medioque
1065 289 1216 343 flexu
1256 290 1440 342 litoris
1463 291 1702 345 Thessa·

70 357 291 418 Ionica,
333 356 544 408 liberae
588 358 938 410 conditionis.
997 361 1081 410 Ad
1123 360 1266 413 hanc
1305 376 1341 411 a
1378 359 1698 427 Dyrrachio

74 423 266 477 cxlv
293 425 476 477 millia
515 441 778 492 passuum
802 427 1061 481 Therme.
1117 428 1181 479 ln
1203 427 1536 481 Thermaico
1572 432 1698 482 sinu

74 493 313 561 oppida,
333 493 564 558 Dicaea,
586 496 805 562 Pydna,
823 497 1063 560 Derrha,
1103 497 1320 550 Scione.
1368 497 1699 551 Promonto-

73 566 236 616 rium
257 565 675 617 Canastraeum.
713 566 967 633 Oppida:
990 565 1238 628 Pallene,
1280 567 1538 634 Phlegra.
1575 571 1704 632 Qua

72 636 140 686 in
170 636 402 701 regione
433 642 670 700 montes,
711 632 1083 703 Hypsaei-hs,
1123 637 1336 703 Epitus‚
1381 638 1702 706 Halcyone,

71 703 390 756 Leoomne.
446 704 687 771 Oppida:
730 706 966 772 Nyssos,
1007 705 1597 769 Phinelon,Mendac:
1645 716 1704 758 et

72 774 142 825 in
163 769 488 827 Pallenensi
511 775 723 826 isthmo
757 777 1035 843 quondam
1057 775 1350 839 Potidaea,
1393 792 1542 829 nunc
1565 778 1699 828 Cas·-

75 842 314 896 sandria
341 843 591 896 colonia:
632 844 955 908 Anthemus,
994 846 1360 914 Olophyxos:
1399 849 1553 898 sinus
1575 846 1697 899 Me·
1765 852 1784 863 “

76 914 447 980 cybernaeus.
506 915 751 981 Oppida:
792 915 1108 984 Physeella,
1136 916 1415 982 Ampelos,
1454 918 1700 975 Torone,

76 982 326 1050 Singos:
388 983 631 1048 fretum,
677 1000 787 1053 quo
829 991 1076 1038 montem
1118 984 1304 1038 Athon
1344 987 1561 1039 Xerxes
1601 1000 1702 1038 rex

74 1051 383 1128 Persarum
438 1055 750 1109 continenti
791 1055 1047 1118 abscidit,
1086 1055 1147 1106 in
1186 1055 1536 1124 longitudine
1577 1070 1701 1122 pas-

75 1137 245 1173 suum
287 1123 418 1175 MD.
489 1123 656 1177 Mons
695 1127 814 1193 ipse
854 1125 1147 1192 aplanitie
1189 1125 1440 1178 excurrit
1463 1128 1519 1176 in
1544 1141 1728 1178 mare¹

75 1190 297 1245 LXXV
313 1192 450 1243 mill.
473 1208 756 1260 passuum.
793 1196 1045 1248 Ambitus
1066 1194 1271 1247 radicis
1293 1202 1513 1248 centum
1536 1196 1695 1262 quin-

77 1264 358 1331 quaginta
380 1263 517 1314 mill.
542 1265 771 1330 colligit.
828 1265 1110 1335 Oppidum
1147 1266 1219 1317 ‘in
1264 1267 1547 1318 cacumine
1587 1264 1700 1315 fuit

76 1331 397 1384 Acrothon:
417 1346 564 1401 nunc
586 1341 713 1383 sunt
727 1334 1075 1399 Uranopolis,
1094 1334 1493 1396 Palaeotrium,
1517 1332 1700 1402 Thys-

77 1417 198 1463 sus,
222 1399 485 1462 Cleonae,
527 1401 842 1466 Apollonia,
885 1403 1043 1453 cuius
1064 1402 1279 1455 incolae
1301 1403 1581 1454 Macrobii
1601 1416 1695 1454 co-

78 1470 502 1539 gnominantur.
559 1469 835 1539 Oppidum
856 1472 1120 1534 Cassera,
1162 1471 1461 1540 faucesque
1483 1471 1700 1525 alterae
1732 1517 1744 1525 ,

77 1541 301 1601 Isthmi,
323 1538 621 1604 Acanthus,
651 1538 892 1608 Stagira,
930 1540 1183 1602 Sithone,
1213 1541 1514 1602 Heraclea,
1539 1550 1596 1592 et
1614 1556 1700 1593 re-

82 1613 184 1679 gio
203 1610 546 1678 Mygdoniae
587 1611 881 1665 subiacens
903 1627 916 1660 ε
960 1610 1020 1662 in
1053 1624 1164 1678 qua
1184 1609 1509 1662 recedentes
1531 1625 1566 1661 a
1585 1625 1701 1662 ma·

18 1679 21 1682 ’
80 1680 153 1743 ri,
191 1680 506 1747 Apollonia,
539 1679 832 1742 Arethusa.
888 1682 948 1732 ln
973 1696 1075 1733 ora
1097 1695 1290 1732 rursus
1309 1678 1619 1742 Posidium,
1642 1687 1699 1732 et

83 1750 238 1802 sinus
278 1766 398 1801 cum
444 1750 653 1818 oppido
694 1751 998 1813 Cermoro,
1036 1748 1384 1818 Amphipolis
1429 1748 1696 1808 liberum,
1804 1746 1814 1760 “

72 1834 224 1941 gens
261 1819 532 1873 Bisaltae.
611 1819 756 1872 Dein
799 1819 1167 1872 Macedoniae
1206 1818 1480 1871 terminus
1518 1820 1697 1869 amnis

54 1911 63 1924 ·
126 1897 370 1955 trymon,
393 1896 552 1942 ortus
573 1890 633 1942 in
653 1891 889 1942 Haemo.
943 1888 1384 1953 Memorandum,
1404 1889 1463 1941 in
1484 1894 1697 1956 septem

82 1960 239 2013 lacus
265 1975 390 2011 eum
413 1959 587 2022 fundi,
607 1960 923 2027 priusquam
948 1960 1158 2027 dirigat
1176 1965 1417 2010 cursum.

151 2030 313 2081 Haec
333 2036 419 2082 est
428 2029 776 2099 Macedonia,
786 2037 1058 2081 terrarum
1074 2028 1308 2095 imperio
1322 2027 1506 2096 potita
1518 2041 1694 2095 quon-

86 2097 243 2151 dam:
285 2096 424 2151 haec
456 2100 670 2161 Asiam,
713 2100 1046 2163 Armeniam,
1087 2099 1344 2160 lber-iam,
1386 2098 1694 2160 Albaniam,

85 2167 517 2235 Cappadociam,
547 2167 787 2236 Syriam,
817 2171 1147 2237 Aegyptum,
1184 2169 1454 2229 Taurum,
1485 2168 1693 2219 Cauca-

82 2252 206 2289 sum
230 2245 605 2303 transgressae
651 2236 789 2290 haec
812 2240 864 2288 in
887 2238 1125 2293 Bactris.
1155 2236 1357 2297 Medis,
1387 2236 1571 2289 Persis
1593 2237 1691 2288 do·

82 2308 315 2370 minata,
337 2313 457 2358 toto
481 2307 714 2359 Oriente
735 2322 1017 2374 possessos
1057 2305 1194 2357 haec
1213 2304 1382 2357 etiam
1405 2306 1597 2359 Indiae
1616 2307 1692 2356 vi-·
1727 2353 1738 2363 f

83 2376 248 2440 ctrix,
291 2391 394 2444 per
432 2377 671 2442 vestigia
691 2377 880 2429 Liberi
902 2375 1087 2429 Patris
1118 2382 1282 2441 atque
1301 2376 1563 2427 Herculis
1594 2391 1689 2427 va·-

80 2452 244 2514 gata:
265 2444 403 2512 haee
424 2446 615 2497 eadem
644 2453 730 2497 est
752 2446 1106 2507 Macedonia,
1126 2446 1281 2496 cuius
1303 2458 1416 2494 uno
1442 2444 1534 2496 die
1551 2443 1691 2496 Pau·

79 2516 170 2567 lus
191 2511 459 2569 Aemilius
478 2515 792 2581 Imperator
822 2522 1012 2568 noster
1047 2513 1404 2581 septuaginta
1441 2513 1580 2566 duas
1600 2528 1689 2565 ur·

78 2586 181 2639 bes
226 2585 446 2652 direpta
503 2584 772 2637 vendidit.
829 2588 1072 2640 Tantam
1116 2582 1487 2637 differentiam
1517 2582 1687 2636 sortis

77 2656 415 2725 praestitere
515 2668 548 2708 o
569 2651 835 2709 homines.
1157 2722 1195 2780 S
1228 2723 1265 2777 ²

180 2877 249 2916 ·.
