2009 3025
314 120 420 180 314
715 121 776 176 C.
824 117 1103 176 Pthn
1149 114 1525 173 8201]an
1573 148 1578 153 -

311 233 427 290 ten,
446 221 949 294 Gynaecopoliten,
966 216 1336 285 Menelaites,
1352 218 1742 276 Alexandriae
1755 223 1936 289 regio-

309 311 399 348 ne.
471 295 612 347 ltem
640 294 862 364 Lybiae
891 294 1190 347 Mareotisz
1230 291 1736 361 Heracleopolites
1777 291 1936 344 estin

308 365 499 419 insula
519 361 633 416 Nili
647 399 664 428 ,
705 365 874 432 longa
894 376 1157 432 passuum
1175 360 1725 430 quinquagintau„
1753 362 1819 410 in
1841 374 1940 427 qua

238 494 243 497 ,
312 441 376 487 et
407 446 479 503 op
519 433 671 486 idum
712 430 976 487 Herculis
1017 432 1377 501 appellatum.
1445 429 1577 482 Arsi
1660 429 1792 481 itae
1837 429 1938 480 duo

309 511 472 555 sunt:
532 504 632 555 iet
652 501 1004 571 Memphites,
1028 517 1206 569 usque
1228 500 1303 552 ad
1323 512 1598 551 summum
1705 498 1805 553 lta
1828 511 1940 565 per·

312 573 562 625 veniunt.
626 573 728 623 Cui
748 578 878 625 sunt
901 570 1233 626 contermini
1256 584 1325 623 ex
1344 567 1535 620 Africa
1553 566 1671 618 duo
1693 568 1937 618 Oasitae

311 641 557 705 Quidam
577 654 647 693 ex
675 640 763 693 his
782 641 967 708 aliqua
994 641 1232 691 nomina
1251 640 1605 703 permutant,
1649 640 1713 687 et
1737 634 1938 688 substi-

311 715 481 762 tuunt
496 708 644 762 alios
665 724 889 772 nomos,
927 712 991 759 ut
1013 706 1442 774 Heroopoliten,
1482 703 1935 771 Gmcodilopoli-

309 787 428 832 ten.
448 778 600 831 Inter
619 776 937 831 Arsinoiten
958 782 1145 829 autem
1166 791 1235 828 ac
1247 772 1600 842 Memphiten
1621 774 1792 827 lacus
1812 774 1935 834 fuit,

314 848 557 901 circuitu
575 847 714 900 CCL
736 848 814 900 M.
839 858 1133 915 passuum:
1174 849 1290 923 aut,
1323 849 1392 895 ut
1411 844 1718 896 Mucianus
1743 842 1934 910 tradit,

312 916 543 970 ccch
566 917 645 968 Μ.
667 924 726 970 et
743 915 1061 969 altitudinis
1080 913 1484 982 quinquaginta
1504 926 1800 979 passiium,
1822 925 1929 965 ms·

312 1000 392 1038 nu
408 985 617 1039 factust
661 1000 697 1037 a
720 998 869 1054 rege,
909 985 1008 1053 qui
1024 983 1256 1046 fecerat,
1294 983 1570 1036 Moeridis
1587 981 1927 1055 appellatus.

308 1055 450 1108 Inde
474 1052 683 1107 Lxxll
711 1054 790 1105 M.
815 1065 1082 1122 passuum
1114 1053 1276 1104 abest
1294 1050 1604 1118 Memphis,
1645 1049 1925 1117 quondan

309 1138 414 1175 arx
443 1123 689 1192 Aegypti
718 1136 943 1190 regum:
984 1121 1132 1174 unde
1163 1121 1236 1174 ad
1266 1121 1597 1173 Hammonis
1636 1120 1925 1173 oraculum

307 1190 413 1247 xli
439 1191 655 1243 dierum
677 1191 789 1243 iter
807 1197 895 1242 est
909 1206 948 1255 3-
968 1190 1043 1242 ad
1063 1190 1360 1243 scissuram
1380 1195 1571 1243 autem
1589 1188 1714 1243 Nili
1726 1225 1748 1252 ‚
1787 1186 1923 1259 quod

309 1260 712 1326 appellavimus
733 1258 923 1323 Delta,
942 1258 1054 1315 XV
1074 1261 1153 1313 M.
1174 1272 1452 1328 passuum.

377 1329 450 1382 X.
485 1328 647 1382 Nilus
666 1329 903 1382 incertis
921 1335 1081 1382 ortus
1114 1329 1394 1392 fontibus,
1433 1328 1483 1381 it
1500 1343 1603 1397 per
1621 1327 1851 1382 deserta
1870 1333 1922 1380 et

310 1398 598 1452 ardentia:
639 1405 696 1455 et
714 1400 988 1452 immenso
1011 1399 1377 1469 longitudinis
1406 1399 1593 1468 spatio
1614 1399 1845 1451 ambula
1987 1426 1988 1429 ¹

308 1467 575 1538 famaque
596 1474 814 1523 tantum
838 1467 1038 1523 Inermi
1060 1470 1321 1537 quaesitu
1346 1468 1626 1538 cognitus,
1666 1468 1796 1521 sine
1814 1467 1883 1520 be
1906 1493 1923 1505 ·

307 1539 405 1601 lis,
438 1555 586 1607 ¹«pute
608 1546 829 1593 ceteras
856 1554 1049 1593 omnes
1071 1546 1252 1592 terras
1280 1539 1562 1592 invenere.
1636 1538 1920 1605 Originem

311 1613 399 1671 (ut
427 1610 566 1662 Iuba
595 1623 698 1662 rex
734 1609 924 1679 potuit
955 1605 1363 1684 exquirere)‘in
1400 1615 1591 1662 monte
1633 1606 1922 1661 inferioris

306 1676 710 1742 Mauritaniae,
725 1694 837 1731 non
860 1679 1055 1746 procul
1078 1692 1289 1731 oceano
1308 1676 1497 1739 habet,
1518 1675 1648 1729 lacu
1667 1676 1923 1743 protinus

308 1755 637 1816 stagnante,
681 1762 845 1815 quem
875 1745 1080 1799 vocan‘t
1105 1746 1370 1800 Nilidem.
1443 1746 1527 1799 lbi
1564 1748 1756 1814 pisces
1771 1759 1925 1812 repe·

305 1817 528 1869 riuntur
547 1817 824 1879 alabetae‚
865 1818 1140 1880 coracini,
1178 1816 1359 1868 siluri.
1428 1814 1766 1869 crocodilus
1788 1827 1920 1883 quo-
1967 1815 1980 1830 ¹

308 1900 417 1954 que
437 1885 570 1939 inde
582 1887 654 1938 ob
676 1893 1068 1955 argumentum
1091 1885 1199 1937 hoe
1209 1887 1526 1938 Caesareae
1545 1885 1604 1937 in
1623 1886 1758 1936 iseo
1781 1884 1922 1938 dict·

307 1960 400 2006 tus
420 1954 491 2008 ab
513 1968 582 2006 eo
602 1961 896 2021 spectatur
916 1954 1098 2007 hodie.
1122 1954 1423 2007 Praeterea
1443 1955 1804 2006 observatum
1821 1960 1921 2018 est,

305 2028 478 2091 prout
507 2024 563 2072 in
583 2022 926 2075 Mauritania
955 2024 1112 2076 nives
1132 2023 1408 2076 imbresve
1428 2021 1798 2085 satiaverint,
1835 2024 1921 2074 ita

306 2091 496 2144 Nilum
517 2090 841 2158 increscere.
916 2094 1002 2150 Ex
1023 2090 1130 2145 hoc
1159 2093 1284 2145 lacu
1315 2092 1577 2161 profusus
1597 2091 1922 2161 indignatur

304 2160 483 2214 fluere
501 2171 602 2227 per
621 2173 861 2213 arenosa
882 2168 939 2213 et
962 2162 1296 2229 squalentia,
1316 2162 1922 2232 conditquesealiquot

309 2227 526 2281 dierum
545 2228 768 2282 itinere.
823 2229 961 2282 Mox
985 2230 1100 2284 alio
1121 2231 1251 2285 lacu
1274 2231 1486 2284 maiore
1503 2231 1569 2283 in
1590 2233 1918 2285 Caesarien-

286 2299 389 2349 ⁴sis
407 2296 788 2352 Mauritaniae
849 2306 977 2352 ente
988 2300 1410 2369 Massaesylum
1431 2301 1708 2367 erumpit,
1751 2307 1810 2354 et
1826 2298 1920 2354 ho·

307 2368 517 2418 minum
540 2373 731 2420 coetus
752 2384 820 2420 ve
845 2370 931 2421 uti
951 2370 1347 2437 circumspicit,
1365 2370 1570 2426 iisdem
1594 2369 1918 2423 animali-n

307 2437 682 2500 argumentis:
724 2436 926 2489 iterum
950 2443 1138 2491 arenis
1168 2438 1707 2506 recept-ascenditur
1728 2451 1918 2492 rursus

202 2525 209 2529 ·
308 2502 418 2556 XX
446 2503 664 2556 dierum
698 2505 939 2558 desertis
967 2507 1038 2558 ad
1061 2507 1352 2578 proximos
1369 2508 1710 2575 Aethiopas:
1753 2514 1918 2577 atque

308 2570 405 2625 ubi
423 2573 624 2626 iterum
646 2575 888 2626 senserit
904 2573 1205 2641 hominem,
1226 2573 1470 2643 prosilit,
1489 2576 1648 2630 tonte
1668 2580 1759 2642 (ut
1777 2576 1914 2631 reri·

308 2639 494 2714 simile
513 2646 625 2707 est)
645 2642 765 2706 illo,
780 2642 1170 2728 ⁸quemffligrin
1191 2657 1480 2701 vocavere.
1522 2645 1660 2701 lude
1677 2646 1914 2705 Arrium
