2009 3025
1422 66 1426 70 ·
1461 54 1494 77 -ιι

250 140 564 210 NATUR.
619 157 956 212 ms‘roa.
1015 134 1175 212 Lm.
1211 130 1281 215 xi.
1312 159 1398 212 21.
1423 104 1692 217 22.'‘325
1765 166 1778 172 ·

93 263 184 310 est
204 272 239 309 a
260 256 517 311 Seleucia
539 258 907 323 Parthorum,
935 275 1079 329 quae
1118 268 1353 315 vocatur
1383 263 1455 314 ad
1479 262 1702 331 Tigrin,

92 325 512 380 cccxxxvii!
537 329 674 380 mill.
699 344 991 396 passuum:
1017 346 1051 382 a
1071 331 1327 397 proximo
1349 346 1483 383 vero
1499 331 1702 399 Syriae

87 395 285 477 litore,
328 397 487 448 CCllI
520 398 791 451 millibus:
814 407 892 453 -et
911 414 947 450 a
962 399 1247 471 Damasco
1265 399 1460 468 viginti
1482 410 1702 467 septem

90 479 619 615 rrffffgbnjmim
658 535 993 589 solitudines
1027 534 1361 590 Stelendena
1397 537 1554 606 regio
1598 544 1704 601 est,

91 601 388 669 dictaeque
408 617 520 654 lam
544 604 866 673 Hierapolis
886 621 954 658 ac
975 605 1196 659 Beroea
1224 612 1281 658 et
1303 605 1539 659 Chalcis.
1611 606 1706 658 Ul·

89 679 184 723 tra
203 669 507 724 Palmiram
527 687 746 740 quoque
769 675 1254 743 expolitudinibus
1273 676 1348 727 iis
1377 675 1586 742 aliquid
1608 676 1704 729 ob-

88 740 239 792 tinet
261 743 485 793 Emesa:
526 743 664 794 item
686 743 962 807 Elatium,
983 744 1219 796 dimidio
1240 747 1467 812 propior
1487 744 1705 809 Petrae,

92 824 258 877 quam
278 808 607 891 Daniascus.
675 814 721 864 A
741 812 883 864 Sura
902 821 1099 866 autem
1131 815 1382 882 proxime
1422 820 1509 867 est
1529 813 1703 865 Phili-

90 879 1703 1020 {maipa-{2¹3„izilssms‘gssffisstffiffla,aziz

89 1016 461 1084 Babylonem.
534 1018 813 1071 Scinditur
834 1019 1151 1088 Euphrates
1173 1036 1207 1072 a
1224 1021 1527 1089 Zeugmate
1550 1026 1702 1073 octo-

87 1087 253 1155 ginta
271 1087 451 1138 tribus
472 1086 717 1140 millibus
740 1104 998 1157 passuum
1023 1091 1178 1142 circa
1196 1084 1376 1142 {vicum
1396 1089 1699 1145 Massicenx

90 1162 151 1209 et
169 1161 330 1223 parte
349 1155 511 1209 laeva
528 1157 586 1209 in
610 1158 1086 1226 Mesopotamiam
1101 1159 1257 1211 vadit
1280 1174 1381 1227 per
1399 1160 1576 1226 ipsam
1598 1158 1697 1211 Se·

87 1225 353 1287 leuciam,
401 1225 549 1278 circa
562 1242 690 1278 eam
715 1227 1043 1295 praefluenti
1064 1229 1281 1280 infusus
1302 1229 1478 1295 Tigri.
1551 1228 1700 1280 Dex-

89 1294 303 1347 teriore
318 1299 504 1346 autem
527 1296 683 1348 alveo
705 1297 1072 1366 Babylonem,
1094 1297 1368 1366 quondam
1387 1297 1702 1350 Chaldaeae

91 1368 279 1435 caput,
299 1366 463 1430 petit,
486 1364 830 1432 mediamque
852 1381 1173 1433 permeans,
1194 1368 1327 1419 item
1345 1381 1513 1432 equam
1538 1366 1703 1417 Otrin

88 1434 320 1495 vocant,
358 1431 691 1485 distrahitur
725 1433 797 1484 in·
822 1434 1072 1502 paludes.
1142 1433 1408 1487 increscit
1435 1439 1621 1486 autem
1643 1438 1704 1486 et

88 1501 214 1571 ipse
238 1500 355 1553 Nili
375 1501 542 1554 modo
582 1504 747 1555 statis
786 1503 1003 1567 diebus,-
1046 1502 1272 1571 paulum
1316 1501 1598 1565 differens,
1635 1517 1704 1554 ac

88 1571 560 1638 Mesopotamiam
583 1571 844 1636 inundat,
883 1573 1032 1626 Sole·
1056 1559 1343 1624 obtinente
1383 1571 1704 1624 vicesimam

86 1647 313 1709 partem
336 1641 555 1692 Cancri:
598 1643 770 1694 minui
802 1641 1007 1709 incipit
1045 1640 1102 1692 in
1136 1639 1387 1709 Virgine,
1427 1646 1486 1691 et
1514 1638 1704 1693 Leone
1783 1661 1802 1668 “

88 1718 464 1830 ιναηεςέἴεεεο.
524 1711 589 1763 In
608 1717 789 1764 totum
810 1726 941 1765 vero
963 1715 1176 1763 remeat
1197 1709 1256 1761 in
1275 1708 1537 1762 vicesima
1556 1723 1705 1762 nona

128 1785 254 1831 arte
329 1781 379 1829 ir
420 1779 433 1792 '
475 1779 545 1831 is.

86 1794 127 1849 P
164 1848 342 1900 xxu.
420 1848 488 1900 ed
508 1847 802 1902 redeamus
825 1847 896 1900 ad
918 1862 1071 1900 oram
1095 1845 1310 1917 Syriae,
1333 1849 1419 1901 cui
1444 1850 1704 1915 proxima

91 1925 183 1972 est
219 1916 432 1969 Cilicia.
503 1917 737 1970 Flumen
775 1916 1118 1990 Diaphanes,
1157 1931 1315 1968 mons
1357 1917 1702 1982 Crocodilus,

85 1993 291 2055 portae
310 1984 748 2039 Amanimontis.
819 1985 1104 2039 Flumina:
1135 1984 1427 2048 Andricus,
1447 1986 1702 2048 Pinarus,

85 2057 140 2110 L
187 2070 310 2106 cus:
352 2057 505 2106 sinus
526 2056 748 2106 Issicus.
818 2054 1094 2122 Oppidum
1118 2056 1287 2118 lssos,
1307 2056 1438 2108 inde
1458 2056 1697 2108 Alexan-

89 2124 245 2176 dnae
268 2120 474 2176 flumen
496 2122 748 2186 Chlorus,
771 2124 1030 2191 oppidum
1051 2124 1234 2192 Aegae
1254 2124 1701 2187 liberum,amnis

84 2192 389 2261 Pyramus,
432 2199 626 2260 portae
651 2193 906 2245 Ciliciae:
952 2193 1179 2261 oppida,
1217 2193 1440 2254 Mallos,
1477 2193 1703 2259 Magar-

84 2277 208 2325 sos,
228 2267 291 2313 et
308 2260 460 2313 intus
480 2263 711 2313 Tarsos.
780 2262 975 2329 Campi
991 2262 1165 2326 Aleii:
1209 2261 1419 2327 oppida
1437 2262 1697 2328 Cassipo-

82 2330 180 2393 lis,
205 2330 436 2396 Mopsos
476 2330 741 2394 liberum,
779 2330 1021 2399 Pyramo
1057 2331 1406 2397 impositum:
1448 2329 1699 2397 Thynos,

85 2396 447 2466 Zephyrium,
467 2395 748 2453 Anchiale.
817 2402 1046 2453 Amnesae
1084 2399 1273 2463 Saros,
1315 2397 1539 2466 Cydnus
1560 2399 1699 2454 Tarf

83 2483 214 2520 sum
236 2467 470 2522 liberam
493 2469 681 2521 urbem
706 2467 954 2534 procula
971 2470 1109 2520 mari
1130 2482 1349 2521 secans=
1394 2468 1572 2536 Regio
1591 2467 1696 2520 Ce-

83 2537 405 2589 lenderitis.
429 2552 547 2588 cum
588 2536 811 2606 oppido.
881 2536 1066 2589 Locus
1087 2533 1703 2604 Nymphaeum„Soloe

86 2606 312 2667 Cilicii,
355 2604 955 2673 nunc-Pompeiopolis:
994 2605 1208 2670 Adana,
1231 2605 1456 2674 Cibyra,
1475 2603 1701 2669 Pinara,

91 2672 351 2739 Pedalie,
373 2674 492 2740 Ale,
514 2674 751 2742 Selinus,
770 2676 1018 2740 Arsinoe,
1040 2675 1253 2748 lotape,
1265 2674 1478 2735 Dorou.
1515 2677 1707 2731 iuxta..
