2009 3025
274 143 381 199 368
528 163 538 168 -
672 144 733 197 c,
789 143 1071 197 Pmml
1128 142 1503 224 secuxpi

275 250 480 300 unisse.
552 248 712 299 Aeris
733 253 790 300 et
815 246 954 299 ferri
977 247 1233 309 metalla,
1275 254 1331 299 et
1352 245 1587 297 arseniei
1602 281 1619 306 ‚
1658 249 1716 296 et
1735 242 1906 299 minii

275 316 543 370 exerceri.
600 318 735 369 lude
753 321 1192 382 promontorium
1219 317 1548 377 Carmaniae
1563 321 1673 375 est,
1694 329 1767 366 ex
1788 326 1902 381 quo

273 389 332 438 in
356 388 590 438 adversa
623 402 724 439 ora
760 387 832 438 ad
870 382 1092 454 gentiam
1122 387 1359 437 Arabiae
1391 387 1585 436 Maeas
1622 386 1901 434 traiectus

276 456 450 508 distat
482 458 527 508 L
563 458 641 507 M.
665 470 944 522 passuum.
1011 456 1238 513 ,Insulae
1261 463 1401 517 tres,
1438 468 1670 520 quarum
1692 450 1920 513 Oraeffl,

274 524 803 593 tantumhabitatur
827 538 1055 591 aquosa,
1087 541 1132 575 -a
1154 526 1464 576 continenti
1491 521 1748 574 XXV.M.
1775 520 1908 587 pad-

276 610 458 646 suum.
529 595 748 647 Insulae
783 596 865 649 w,
888 596 1000 644 iam
1024 597 1078 644 in
1101 595 1230 644 sinu
1255 601 1384 645 ante
1408 591 1658 644 Persida.
1733 592 1906 641 Circa

278 664 380 717 has
403 663 569 730 hydri
592 665 791 715 marini
813 665 1062 715 vicenum
1087 665 1400 714 cubitorum
1419 663 1760 713 adnatantes
1794 667 1908 710 ter·

277 748 440 786 ruere
465 734 715 786 classem.
785 734 1000 796 Insula,
1038 731 1352 784 Acrotadus
1376 744 1399 780 ε·
1433 729 1908 791 ἰιθηιίῖειιιηιιαε,

170 866 181 873 .
276 806 336 854 in
360 803 558 877 quibus
584 802 774 855 Chiani
798 819 949 870 gens.
1023 801 1256 853 Flumen
1279 802 1533 867 Hyperis
1549 802 1602 849 in
1627 799 1813 849 medio
1835 799 1909 846 si-

278 887 354 923 nu
373 871 619 935 Persico,
642 872 1022 924 onerariarum
1045 872 1271 922 navium
1294 884 1534 937 capam-:2
1557 869 1793 924 Flumen
1818 866 1906 918 Si-

279 943 538 1008 tiogagus
559 979 575 1005 ‚
639 956 745 1008 quo
785 939 1130 1008 Pasargadas
1172 941 1408 1006 septimo
1452 939 1545 990 die
1585 938 1904 1003 navigatur.

278 1009 512 1061 Flumen
542 1011 858 1078 navigabile
880 1012 1238 1062 Heratemis:
1283 1009 1632 1077 insulasine,
1661 1005 1904 1059 nomine.

279 1079 512 1130 Flumen
534 1079 737 1130 Granis
757 1081 1099 1131 modicarum
1123 1082 1341 1131 navium
1365 1093 1565 1144 capu,
1589 1092 1688 1142 per
1707 1074 1903 1129 &sia-

279 1160 386 1199 nen
408 1145 536 1196 fluit
558 1166 571 1196 z
618 1148 818 1199 dextra
838 1152 956 1201 eius
979 1149 1238 1200 accelunt
1259 1147 1671 1207 Dex‘imontani,
1691 1146 1795 1213 qui
1815 1143 1901 1195 bi-

279 1222 470 1265 tumen
496 1216 802 1279 perficiunt.
868 1218 1102 1269 Flumen
1123 1219 1339 1269 Zarotis
1364 1218 1520 1268 ostio*
1536 1215 1770 1276 difficili,
1792 1213 1902 1264 nisi

279 1282 479 1349 peritis
492 1282 513 1331 'z
555 1283 772 1334 insulae
797 1285 1164 1349 duaerparsae
1190 1306 1201 1337 ε
1236 1287 1365 1336 inde
1384 1287 1597 1336 vadosa
1616 1283 1899 1350 navigatio

278 1352 516 1418 palustri
542 1352 770 1413 similis,
822 1368 918 1418 per
938 1356 1161 1419 euripos
1185 1360 1373 1404 tamen
1395 1352 1662 1419 quosdam
1688 1353 1903 1417 peragi-

279 1429 389 1483 tur.
460 1422 680 1481 Ostium
708 1420 1031 1487 Euphratis.
1105 1423 1287 1473 Lacus
1306 1457 1323 1484 ‚
1346 1426 1523 1488 quem
1548 1422 1768 1473 faciunt
1791 1422 1902 1471 Eu·

279 1491 437 1546 [aeus
461 1498 518 1543 et
537 1492 732 1559 Tigris
769 1491 928 1543 iuxta
962 1490 1284 1544 Characem.
1358 1493 1417 1543 ln
1428 1491 1494 1543 de
1537 1492 1696 1558 Tigri
1742 1491 1903 1544 Susa.

278 1560 482 1613 Festos
507 1562 626 1613 dies
650 1564 726 1613 ibi
752 1570 1007 1627 agentem
1032 1561 1405 1614 Alexandrum
1437 1561 1771 1615 invenerunt
1812 1575 1902 1610 se-

279 1631 453 1697 ptimo
480 1647 693 1693 mense,
715 1638 1008 1698 postquam
1034 1632 1319 1702 diggessus
1342 1632 1412 1680 ab
1434 1630 1509 1680 iis
1531 1631 1718 1682 fuerat
1740 1629 1907 1681 Pata·

278 1700 370 1762 lis,
410 1702 581 1753 tertio
607 1699 1022 1767 navigationis„
1074 1700 1168 1753 Sic
1190 1699 1493 1751 Alexandri
1527 1700 1721 1752 elassis
1756 1698 1909 1749 navi·

280 1770 454 1839 gavit.
531 1771 793 1822 Postea-a
817 1769 1035 1837 Syagro
1060 1770 1293 1821 Arabiae
1327 1770 1714 1835 promontorio
1739 1768 1912 1890 Px·

280 1839 374 1889 len
397 1838 669 1902 Favonio,
693 1855 852 1906 quem
877 1840 1181 1906 Hippalum
1205 1840 1281 1891 ibi
1302 1845 1522 1900 vocant,
1567 1839 1681 1905 peti
1708 1851 1770 1888 ee
1855 1854 1909 1887 s-

281 1910 480 1959 simum
501 1908 794 1960 videbatur
815 1908 999 1960 decies
1023 1914 1081 1959 et
1114 1915 1205 1960 ter
1238 1908 1529 1960 centenum
1568 1907 1784 1960 XXXII
1819 1908 1905 1959 M.

282 1991 546 2043 passuum
572 1977 978 2029 aestimatione.

351 2046 556 2098 Secuta
575 2050 733 2096 aetas
758 2047 1073 2111 propiorem
1096 2060 1315 2098 cursum
1337 2045 1718 2112 tutioremque
1759 2043 1914 2097 iudi-

282 2113 455 2176 eavit,‘
470 2115 519 2185 si
539 2114 608 2165 ab
633 2115 826 2166 eodem
850 2116 1236 2181 promontorio
1259 2116 1538 2182 Zigernm,
1562 2120 1785 2182 portum
1809 2115 1903 2165 lu-

283 2184 432 2245 diae,
455 2188 685 2248 peteret.
723 2183 946 2251 Diuque
966 2187 1055 2248 ita
1077 2186 1399 2252 navigatum
1424 2191 1528 2247 est,
1552 2186 1733 2235 donee
1754 2197 1910 2235 com-

283 2251 486 2321 pendia
505 2253 714 2304 invenit
735 2260 1040 2316 mercator,
1062 2254 1330 2320 lucroque
1351 2253 1512 2305 ludia
1535 2254 1769 2305 admota
1790 2257 1905 2320 est.

254 2321 499 2386 »Quippe
525 2322 778 2373 omnibus
800 2325 958 2373 annis
978 2325 1301 2391 navigatur,
1343 2324 1774 2390 sagittariorum
1809 2331 1908 2376 et·

280 2388 540 2442 hortibus
579 2389 856 2456 impositis
881 2408 894 2440 ε
958 2393 1160 2443 etenim
1189 2393 1419 2459 ‘piratae
1462 2392 1706 2443 maxime
1755 2387 1906 2444 infess

283 2464 451 2510 stant.
524 2459 641 2511 Nec
663 2460 872 2527 pigebit
895 2464 1074 2511 totum
1098 2475 1317 2512 cursum
1344 2461 1412 2511 ab
1434 2463 1688 2529 Aegypto
1731 2473 1911 2527 expu-

285 2539 435 2591 πετο,
456 2544 599 2579 nune
619 2530 857 2594 primum
881 2535 1038 2580 certa
1060 2531 1267 2582 notitia
1297 2533 1638 2597 patescente.
1714 2530 1910 2597 Digna

284 2609 395 2659 res,
407 2597 560 2648 nullo
585 2613 726 2649 anno
747 2597 928 2647 minus
950 2599 1007 2649 Η
1023 2627 1043 2637 -
1059 2598 1096 2651 S
1120 2600 1467 2667 quingenties
1486 2599 1708 2669 imperii
1723 2600 1908 2651 nostri

193 2697 199 2702 ·
289 2664 649 2722 exhauriente
673 2666 848 2730 ludia,
871 2672 928 2719 et
949 2682 1162 2722 merces
1183 2670 1540 2734 remittente,
1582 2685 1729 2739 quae
1753 2668 1908 2738 apud
