2009 3025
323 157 431 215 πο
717 159 789 231 c„
812 157 1085 221 euml
1146 154 1520 218 suenum
1627 129 1636 137 ’

318 261 486 329 Epiri
514 275 617 316 rex
658 262 960 331 cogit-avit:
1000 267 1132 330 post
1153 277 1280 316 eum
1297 263 1376 316 M.
1398 259 1601 327 Varro,
1640 279 1773 316 cum
1796 265 1928 319 clas·

320 332 474 384 sibus
495 330 746 398 Pompeii
785 332 1025 400 piratico
1068 331 1219 385 bello
1264 337 1563 399 praeesset.
1624 333 1928 402 Utrumque

320 400 470 453 aliae
491 400 829 467 impedivere
851 406 1069 454 curae?
1099 403 1180 455 Ab
1202 400 1520 469 Hydrunte,
1561 399 1827 455 Soletum
1849 403 1928 456 de·

324 475 566 530 sertum,
609 469 734 522 dein
754 469 1166 522 Fratuertium=
1210 478 1404 536 portus
1425 471 1797 534 Tarentinus,
1840 480 1936 524 sta·

325 607 465 657 sium
488 606 536 657 L
560 607 637 658 M.
659 621 805 673 pass.
829 607 899 659 ab
919 607 1243 675 Hydrunte,
1282 610 1339 658 in
1372 608 1565 674 primis
1598 609 1805 661 ltaliae
1864 625 1935 662 or·

323 682 387 727 tu
411 675 617 737 nobile,
660 691 728 726 ac
751 675 907 728 velut
938 677 1181 729 certiore
1203 677 1462 738 transitu,
1502 677 1586 728 sic
1606 680 1811 747 utique
1856 695 1936 730 on·

324 747 502 865 ffiore,
546 745 861 811 excipiente
890 745 1126 813 illyrica
1155 746 1294 798 urbe
1314 744 1672 813 Dyrrhachio
1699 747 1934 801 CCXXV

449 814 705 866 traiectu.
784 813 1085 866 Brundisio
1128 816 1503 866 conterminus
1542 815 1948 877 Pediculorum-

325 894 478 949 ager.
512 883 594 936 lx
612 882 1019 948 adolescentes,
1062 885 1412 951 totidemque
1445 885 1695 951 virgines
1718 885 1792 936 ab
1814 885 1932 951 llly-

324 951 446 1012 riis,
490 952 759 1004 tredecim
781 954 1016 1022 populos
1038 968 1296 1021 genuere.
1352 951 1752 1004 pediculorum
1791 957 1931 1021 oppi-

326 1018 416 1080 da,
442 1018 680 1083 Rudiae,
704 1021 966 1089 Egnatia,
982 1020 1229 1073 Barium.
1266 1023 1493 1073 Amnes:
1535 1023 1722 1089 Iapyx
1742 1039 1780 1074 a
1802 1023 1929 1075 Dae·
2001 1056 2002 1071 2

325 1087 437 1137 dali
460 1087 576 1138 filio
598 1104 749 1156 rege,
773 1105 807 1140 a
827 1105 935 1155 quo
958 1094 1017 1143 et
1041 1090 1275 1159 Iapygia
1299 1108 1312 1140 z
1339 1089 1584 1153 Pactius,
1616 1092 1852 1144 Aufidus
1867 1105 1925 1144 ex

316 1154 578 1219 Hirpinis
598 1158 880 1207 montibus
904 1161 1206 1211 Canusium
1225 1157 1556 1226 praefluens.
1807 1202 1812 1203 ν

246 1279 253 1287 ,
390 1222 540 1273 Hinc
556 1222 758 1288 Apulia
798 1224 1148 1277 Dauniorum
1173 1230 1517 1295 cognomine,
1560 1243 1596 1279 a
1636 1227 1783 1279 duce
1806 1228 1923 1280 Dio·

320 1288 501 1343 medis
523 1305 739 1344 socero.
798 1294 862 1345 ln
890 1307 1005 1359 qua
1029 1295 1291 1362 oppidum
1313 1296 1557 1362 Salapia,
1596 1296 1923 1355 Hannibalis

318 1358 640 1412 meretricio
661 1375 850 1413 amore
871 1362 1175 1429 inclytum:
1209 1361 1521 1429 Sipontum,
1544 1365 1711 1417 Uria:
1755 1365 1921 1416 amnis

318 1427 605 1493 Cerbalus,
625 1429 973 1484 Dauniorum
993 1432 1144 1483 finis:
1185 1443 1380 1499 portus
1403 1434 1635 1500 Agamus,
1674 1449 1923 1501 promou-

316 1500 523 1551 torium
565 1501 770 1552 montis
812 1499 1099 1569 Gargani,
1147 1518 1181 1556 a
1205 1501 1493 1555 Salentino
1534 1503 1653 1556 sive
1693 1503 1923 1572 Iapygio

317 1568 646 1621 ccxxxiv
665 1570 742 1621 M.
766 1585 911 1637 pass.
934 1572 1153 1623 ambitu
1173 1571 1446 1638 Gargani:
1470 1579 1667 1638 portus
1691 1574 1929 1636 Garnae,

314 1637 470 1689 lacus
493 1636 792 1691 Pantanus.
827 1639 1060 1693 Flumen
1082 1647 1406 1706 portuosum
1430 1640 1658 1705 Frento,
1680 1643 1926 1694 Teanum
2003 1695 2004 1698 ,

306 1707 643 1773 Αρυίοτιιιιιε
689 1710 933 1777 itemque
952 1708 1281 1762 Larinatum
1315 1711 1613 1763 Cliternia:
1661 1712 1926 1764 Tifernus
2003 1759 2004 1788 ἢ

313 1779 513 1828 amnis.
568 1776 703 1830 lnde
743 1780 900 1845 regio
932 1779 1232 1831 Frentana.
1287 1780 1375 1831 lta
1396 1780 1699 1847 Apulorum
1724 1796 1930 1849 genera
2003 1791 2004 1846 j

312 1844 457 1896 tria:
503 1846 699 1908 Teani,
741 1847 881 1900 duce
904 1863 934 1899 e
956 1847 1143 1900 Graiis
1165 1866 1179 1899 ε
1201 1846 1437 1901 ‘Lucani
1447 1884 1464 1911 ,
1503 1850 1727 1902 subacti
1753 1866 1791 1903 a
1811 1852 1928 1904 Cal·

316 1910 537 1974 chante,
578 1928 720 1978 quae
740 1913 870 1966 loca
890 1932 1035 1970 nunc
1053 1923 1244 1969 tenent
1262 1919 1535 1971 Atinates.
1574 1918 1929 1972 Dauniorum
2003 1909 2004 1964 ἶ

316 1989 540 2049 praeter
561 1996 730 2048 supra
752 1981 903 2035 dicta
926 1986 1205 2049 coloniae,
1228 1983 1484 2050 Luceria,
1505 1985 1781 2041 Venusia.
1830 1991 1930 2058 Op·
2003 2019 2004 2022 =

310 2051 480 2116 pida:
544 2051 860 2115 Canusium,
896 2055 1050 2121 Arpi,
1091 2055 1393 2125 aliquando
1430 2058 1611 2124 Argos
1652 2059 1928 2128 Hippiam

307 2117 585 2171 Diomede
609 2119 903 2184 condente,
924 2138 1057 2175 mox
1076 2126 1398 2192 Argyrippa
1417 2124 1652 2179 dictum.
1689 2128 1925 2181 Diome·

310 2187 409 2239 des
432 2187 509 2238 ibi
531 2186 736 2240 delevit
755 2196 950 2257 gentes
970 2192 1361 2257 Monadorum,
1395 2194 1855 2265 Dardorumque,
1876 2203 1928 2249 et

307 2255 473 2306 urbes
495 2254 653 2320 duas,
675 2273 817 2325 quae
837 2259 893 2312 in
915 2262 1194 2328 proverbii
1214 2263 1488 2326 ludicrum
1512 2271 1761 2331 vertere,
1803 2267 1929 2336 Api·

308 2336 436 2372 nam
459 2328 518 2374 et
538 2325 782 2379 Tricam.
1253 2383 1262 2392 .

350 2457 363 2470 ·
379 2390 582 2443 cetero
605 2394 753 2447 intus
776 2397 835 2447 in
856 2398 1101 2456 secunda
1112 2401 1363 2469 regione,
1381 2400 1754 2470 Hirpinorum
1777 2402 1925 2457 colo·

307 2469 402 2506 ma
438 2472 552 2511 una
590 2464 990 2527 Beneventum,
1032 2472 1372 2534 auspicatius
1412 2478 1631 2524 mutato
1673 2473 1926 2534 nomine,

309 2537 453 2606 quae
481 2532 756 2597 quondam
790 2535 1075 2599 appellata
1105 2536 1514 2591 Maleventum:
1560 2543 1928 2605 Auseculani,

306 2590 589 2661 Aquiloni,
628 2600 971 2652 Abellinates
991 2609 1318 2667 cognomine
1341 2609 1623 2673 Protropi,
1660 2612 1928 2676 Compsa·

256 2695 265 2698 r
308 2658 386 2725 ni,
430 2663 692 2719 Caudini:
728 2667 987 2736 Ligures,
1027 2672 1124 2738 qui
1143 2673 1607 2743 cognominantur
1634 2678 1921 2733 cornelia·

208 600 213 605 ,
325 538 408 589 tio
432 537 743 604 Miltopaez,
777 538 964 604 Lupia
1003 538 1290 591 Balesium
1313 573 1332 601 ,
1371 537 1626 591 Coelium
1650 575 1668 601 ,
1707 540 1935 593 Brundi·
1999 586 2000 591 ,
