2009 3025
289 174 395 229 232
684 176 743 229 c.
777 157 1067 231 rmmf
1117 169 1494 238 summm

297 279 562 348 pandens,
607 293 718 346 qua
738 280 1019 348 contingit
1049 279 1373 333 ulteriorem
1395 276 1744 344 Hispaniam,
1787 281 1907 328 tan-

296 348 527 401 tundem
553 354 611 400 et
632 349 874 415 amplius
894 350 1187 401 latitudini
1209 350 1417 400 adiicit.
1455 346 1707 398 Metallis
1735 346 1909 412 plum·
1988 359 1989 376 ³

298 418 546 479 bi,ferri,·
561 419 730 480 aeris,
751 422 989 486 argenti,
1014 419 1152 481 auri,
1173 424 1297 469 tota
1316 416 1493 468 ferme
1505 417 1787 480 Hispania
1801 429 1914 465 sca·
1988 407 1989 442 ἶ

299 493 417 539 tet:
459 486 700 538 citerior
740 494 798 539 et
818 488 1204 553 specularibus
1233 487 1553 551 lapidibus=
1590 486 1830 536 Baetica
1860 489 1914 535 et
1988 523 1989 526 ,

301 557 493 616 minio.
550 554 693 606 Sunt
732 561 789 608 et
831 553 1551 622 man-mommslapicidinae.
1609 554 1913 603 Universae

303 624 613 690 Hispaniae
634 626 1012 690 Vespasianus
1035 627 1346 690 Imperator
1366 624 1646 689 Augustus
1668 622 1912 672 iactatus
1988 661 1989 670 ,

302 693 562 761 procellis
604 693 966 759 Reipublicae
1008 693 1161 744 Latii
1219 693 1306 743 ius
1348 691 1564 742 tribuit.
1638 690 1913 757 Pyrenaei

305 767 522 813 montes
567 762 873 828 Hispanias
918 762 1245 828 Galliasque
1291 760 1726 822 disterminant,
1793 773 1912 826 pro·

303 831 599 882 montoriis
621 832 679 880 in
701 832 808 883 duo
833 832 1057 883 diversa
1078 831 1256 881 maria
1279 829 1563 896 proiectis.

372 898 442 952 V.
490 899 874 951 Narbonensis
899 900 1190 966 provincia
1211 898 1526 966 appellatur
1548 911 1676 963 pars
1699 896 1911 947 Gallia-

300 983 443 1030 rum,
466 983 607 1035 quae
631 969 847 1021 interno
871 972 1012 1020 mari
1039 970 1290 1030 alluitur,
1312 965 1589 1019 Braccata
1602 970 1732 1016 ante
1747 965 1908 1024 dicta,

285 1035 463 1088 *amne
489 1039 636 1090 Varo
663 1039 732 1089 ab
757 1039 918 1090 ltalia
940 1039 1200 1101 discreta,
1222 1038 1549 1105 Alpiumque
1570 1035 1660 1086 vel
1673 1036 1911 1085 saluber-

301 1107 456 1156 rimis
479 1106 729 1157 Romano
773 1109 1007 1175 imperio
1048 1108 1212 1175 iugis.
1269 1107 1553 1172 Areliqua
1572 1118 1709 1155 vero
1727 1103 1913 1155 Gallia

302 1176 483 1225 latere
526 1178 994 1239 septemtrionali,
1037 1178 1319 1228 montibus
1361 1176 1631 1227 Gebenna
1675 1182 1733 1226 et
1765 1176 1909 1226 lura:

303 1256 563 1310 agrorum
590 1244 761 1306 cultu,
799 1246 1063 1307 virorum,
1088 1260 1412 1312 morumque
1436 1243 1779 1312 dignatione,
1803 1258 1910 1294 am·
1990 1269 1991 1276 κ

305 1311 583 1381 plitudine
607 1328 789 1379 opum,
811 1315 951 1364 nulli
973 1317 1380 1381 provinciarum
1393 1313 1773 1380 postferenda,
1796 1314 1910 1364 bre·

221 1430 226 1436 ,
255 1398 260 1403 ·
300 1383 555 1449 viterque
579 1382 744 1434 ltalia
762 1386 947 1435 verius
970 1399 1134 1451 quam
1168 1385 1472 1451 provincia.
1524 1382 1585 1433 ln
1616 1397 1718 1433 ora
1756 1381 1907 1448 regio

304 1451 643 1514 Sardonum,
666 1453 926 1520 intusque
947 1455 1448 1505 Consuaranorum.
1485 1452 1775 1505 Flumina:
1809 1452 1908 1501 Te-

302 1538 464 1585 cum,
523 1522 962 1576 Vernodubrum.
1041 1523 1294 1590 Oppida=
1359 1524 1626 1584 illiberis,
1680 1534 1910 1589 magnae
1988 1554 1994 1557 -

301 1590 580 1658 quondam
621 1593 778 1643 urbis
801 1600 969 1646 tenue
1001 1594 1297 1660 vestigium
1320 1610 1334 1642 t
1378 1592 1644 1654 Ruscino,
1688 1591 1911 1643 Latino-

298 1676 441 1730 rum.
465 1661 700 1713 Flumen
725 1664 869 1714 Atax
892 1680 922 1716 e
945 1663 1235 1733 Pyrenaeo
1259 1662 1600 1713 Rubrensem
1626 1675 1911 1727 permeans

296 1731 505 1781 lacum:
548 1730 736 1783 Narbo
759 1733 1017 1795 MartiuS,
1047 1732 1500 1783 Dacumanorum
1529 1730 1773 1790 colonia,
1814 1728 1911 1783 xu

297 1799 377 1849 M.
398 1813 545 1865 pass.
581 1815 615 1850 a
639 1802 780 1852 mari
816 1802 1055 1862 distans,
1097 1801 1395 1851 Fluminat
1436 1800 1701 1860 ArauriS‚
1740 1797 1908 1849 Liria.

299 1868 514 1934 Oppida
536 1867 604 1919 de
628 1875 816 1920 cetero
840 1884 983 1930 rara,
1015 1869 1460 1934 praeiacentibus
1486 1871 1733 1934 stagnis:
1775 1868 1912 1933 Aga·

298 1937 400 1988 tha
423 1936 701 2004 quondam
727 1937 1184 1999 Massiliensium,
1208 1944 1265 1989 et
1288 1937 1445 2004 regio
1471 1935 1779 1989 Volcaru'm
1803 1936 1905 1985 Te·
1992 1936 1993 1939 ’

298 2012 626 2073 ctosagum:
670 2010 837 2071 atque
873 2007 964 2056 ubi
1009 2003 1208 2057 Rhoda
1224 2006 1570 2057 Rhodiorum
1595 2005 1728 2056 fuit:
1768 2000 1910 2053 unde

298 2076 477 2127 dictus
538 2074 717 2125 multo
782 2072 1092 2126 Galliarum
1165 2074 1544 2127 fertilissimus
1613 2074 1911 2126 Rhodanus

299 2144 517 2204 amnis,
560 2156 628 2192 ex
667 2141 898 2207 Alpibus
940 2159 1001 2194 se
1046 2145 1271 2209 rapiens
1310 2160 1411 2211 per
1452 2144 1797 2196 Lemannum
1834 2140 1913 2190 la-

298 2228 440 2273 cum,
481 2225 817 2278 segnemque
851 2213 1106 2264 deferens
1129 2215 1365 2276 Ararim,
1397 2228 1496 2264 nec
1520 2215 1705 2265 minus
1720 2210 1907 2278 ‘seipso

233 2298 240 2345 ς
296 2285 575 2332 torrentes
599 2279 826 2341 Isaram,
854 2288 908 2332 et
929 2282 1281 2335 Druentiam.
1320 2283 1538 2348 Libyca
1559 2280 1912 2349 appellantur

231 2376 241 2419 ς
296 2350 409 2400 duo
451 2349 570 2397 eius
607 2364 709 2399 ora
750 2351 1008 2402 modica:
1055 2367 1120 2402 ex
1144 2351 1231 2402 his
1256 2352 1495 2403 alterum
1521 2352 1907 2418 Hispaniense,

231 2422 236 2451 ¹
291 2417 527 2467 alterum
573 2418 958 2484 Metapinum:
1003 2422 1273 2482 tertium,
1330 2419 1589 2488 idemque
1636 2416 1906 2486 amplissi·
1992 2456 1993 2463 κ

227 2490 236 2559 j.
289 2496 460 2542 mum,
504 2485 962 2539 Massalioticum.
997 2488 1139 2539 Sunt
1171 2496 1451 2552 auctores,
1492 2488 1903 2541 et‘Heracleam

293 2551 560 2617 oppidum
583 2555 641 2604 in
662 2557 807 2608 ostio
835 2556 1308 2610 Rhodanifuisse.

352 2620 545 2703 ‘Uin-a,
576 2623 776 2705 ‘fossae
815 2630 884 2677 e'x
907 2624 1178 2676 Rhodano
1223 2627 1282 2677 C.
1302 2627 1474 2678 Marii
1506 2641 1698 2694 opere,
1721 2629 1793 2677 “et
1810 2636 1902 2673 no·

290 2702 448 2744 nune
482 2705 767 2759 insignes:
828 2694 1125 2760 Stagnum,
1186 2695 1578 2749 Mastramela:
1628 2692 1905 2761 oppidum,
