2009 3025
232 87 557 145 „NATUR
591 89 938 146 HISTOR.
993 91 1157 146 LIB.
1191 91 1284 157 111.
1324 93 1552 149 27ε--3οι
1618 95 1724 151 203

117 194 303 258 tandi,
340 193 566 262 Colapis
598 194 657 245 in
677 193 878 247 Savum
899 193 1138 247 influens
1175 195 1337 248 iuxta
1351 194 1601 260 Sisciam,
1631 210 1725 265 ge·

115 265 271 316 mino
297 264 458 316 alveo
481 263 717 315 insulam
739 264 819 316 ibi
842 263 1031 327 efficit,
1066 278 1209 330 quae
1230 261 1518 331 Segestica
1536 266 1724 332 appoi-

112 334 286 387 latur.
331 332 488 386 Alter
509 333 686 385 amnis
706 332 1015 386 Bacuntius
1036 333 1092 385 in
1114 331 1315 385 Savum
1336 331 1544 387 Sirmio
1567 336 1723 400 oppi-

115 401 195 453 do
214 399 428 452 influit:
460 402 557 455 ubi
580 401 777 465 civitas
801 400 1182 456 Sirmiensium
1206 409 1263 454 et
1284 402 1720 455 Amantinorum.

112 470 256 523 Inde
276 469 432 524 XLV
449 470 528 521 M.
553 482 696 537 pass.
721 472 1063 533 Taurunum,
1102 472 1199 525 ubi
1239 470 1499 523 Danubio
1532 471 1724 525 misee-

115 546 215 591 tur
240 538 650 660 §avulthSupra
664 534 902 592 influunt
916 539 1218 605 Valdasus,
1239 540 1516 607 Urpanus,
1535 544 1594 591 et
1613 539 1725 606 ipsi

116 623 236 660 non
259 623 274 658 ι
316 622 386 658 no
471 623 547 659 es.

190 677 246 728 X
299 677 393 729 lx,
426 676 744 729 Pannoniae
786 676 1036 745 iungitur
1057 675 1364 742 provincia,
1406 688 1550 743 quae
1569 675 1725 728 Moe·

115 747 208 798 sia
251 745 581 813 appellatur,
621 745 691 798 ad
712 746 950 798 Pontum
992 756 1170 811 usque
1201 760 1327 801 cum
1346 744 1608 801 Danubio,
1628 744 1724 801 des

115 829 365 875 currens.
414 815 617 880 Incipit
641 831 675 867 a
696 815 1012 867 confluente·
1028 829 1200 881 snpra
1215 813 1388 867 dieto.
1417 814 1480 867 ln
1499 827 1570 865 ea
1581 812 1727 871 Dar*

114 884 273 944 dani,
313 883 582 952 Celegeri,
617 884 873 946 Triballi,
901 883 1179 952 Timachi,
1216 883 1423 944 Moesi,
1459 881 1724 942 Theseos,

113 950 409 1018 Pontoque
425 953 754 1005 contermini
766 951 1026 1020 Scythae.
1061 952 1326 1007 Flumina
1346 951 1516 1012 clara,
1539 966 1571 1002 e
1585 946 1728 1010 nns-

116 1020 281 1073 danis
291 1021 525 1087 Margis,
540 1020 762 1089 Pingus,
778 1021 1103 1072 Timachnsz
1126 1035 1195 1071 ex
1206 1018 1475 1087 Rhodope
1488 1019 1693 1072 Oescus
1707 1035 1721 1068 e

115 1103 190 1141 ex
214 1089 451 1151 Haemn,
474 1089 630 1150 Utus,
653 1091 937 1151 Escamus,
957 1089 1191 1141 Ieterus.

188 1156 406 1224 lllyrici
425 1157 681 1220 latitud0,
706 1174 815 1227 qua
827 1158 1070 1210 maxima
1082 1166 1186 1220 est,
1199 1154 1492 1208 CCCXXV
1511 1156 1588 1207 Μ.
1601 1171 1726 1223 pas·

113 1240 281 1279 suum
305 1226 542 1293 colligit.
600 1226 914 1295 Longitudo
939 1242 973 1279 a
989 1225 1217 1279 flumine
1234 1225 1399 1277 Arsia
1429 1224 1499 1276 ad
1521 1225 1725 1277 flumen

110 1293 380 1346 Drinium
402 1294 588 1344 DCCC
609 1294 688 1344 M.
724 1297 768 1345 A
792 1294 991 1346 Drinio
1014 1295 1087 1347 ad
1109 1293 1543 1361 promontorium
1561 1296 1726 1351 Acro-

111 1361 465 1421 ceraunium,
487 1360 752 1412 chxn.
789 1363 865 1411 M.
879 1363 1123 1428 Agrippa
1143 1362 1390 1427 prodidit
1408 1362 1724 1414 universum

113 1430 280 1483 hunc
312 1428 490 1479 sinum
514 1428 709 1479 ltaliae
744 1434 802 1480 et
825 1429 1043 1495 lllyrici
1063 1430 1275 1489 ambitu
1298 1430 1725 1499 quatuordecies

104 1503 362 1552 centena
394 1495 573 1560 millia
607 1509 883 1563 passuum.
937 1498 995 1548 ln
1017 1513 1085 1549 eo
1109 1497 1218 1550 duo
1243 1501 1437 1564 maria,
1477 1503 1613 1568 (quo
1636 1500 1728 1552 di-

112 1566 422 1619 stinximus
451 1566 608 1628 flnex)
649 1564 879 1626 lonium,
923 1565 983 1615 in
1028 1565 1209 1630 prima
1249 1576 1448 1634 part03
1488 1570 1725 1622 interius
1830 1599 1834 1603 .

112 1635 482 1698 Adriaticum,
524 1632 671 1702 quod
695 1632 965 1699 Superum
986 1639 1205 1685 vocant.

189 1704 370 1757 XXX.
411 1703 633 1755 Insulae
649 1702 708 1753 in
731 1701 974 1754 Ausonio
992 1703 1134 1753 mari
1154 1708 1379 1771 praeter
1398 1702 1509 1753 iam
1529 1702 1726 1765 dictas,

114 1777 434 1826 memoratu
454 1771 672 1840 dignae,
707 1771 922 1823 nuliae=
956 1773 1012 1821 in
1032 1770 1188 1822 Ionio
1209 1784 1445 1837 paucae:
1488 1771 1724 1823 Calabro

113 1841 291 1895 litore
320 1848 449 1893 ante
476 1840 876 1902 Brundusium,
897 1854 1129 1906 quarum
1159 1839 1381 1892 obiectu
1401 1842 1594 1903 portus
1618 1838 1729 1890 effi-

104 1913 293 1965 citur:
317 1916 512 1963 contra
527 1911 759 1977 Apulum
781 1910 915 1960 litus
935 1908 1273 1973 Diomedea3
1296 1906 1594 1973 conspicua
1612 1921 1727 1958 mo·

116 1977 385 2031 numento
407 1979 723 2048 Diomedis:
768 1983 824 2030 et
846 1978 1029 2031 altera
1050 1977 1246 2030 eodem
1269 1978 1518 2039 nomine,
1554 1990 1590 2027 a
1612 1975 1726 2042 qui-

113 2046 358 2100 busdam
379 2047 617 2100 Teutria
637 2046 934 2113 appellata.
1007 2083 1024 2091 -
1767 2095 1774 2112 ί

187 2116 403 2184 lllyrici
428 2131 530 2168 ora
553 2117 704 2167 mille
725 2114 962 2180 amplius
982 2114 1183 2166 insulis
1204 2113 1611 2179 frequentatur,
1630 2124 1727 2162 na-

118 2190 251 2237 tura
269 2184 477 2236 vadoso
499 2184 655 2247 mari,
677 2184 1083 2251 aestuariisque
1103 2183 1260 2235 tenui
1279 2181 1437 2233 alveo
1457 2180 1725 2232 intercur·
1766 2182 1771 2188 '

120 2253 392 2306 santibus.
431 2254 653 2322 Clarae:
688 2259 817 2304 ante
839 2253 987 2303 ostia
1009 2252 1241 2313 Timavi,
1276 2248 1582 2301 calidorum
1605 2246 1725 2299 fon·
1781 2256 1785 2266 '

120 2323 264 2374 tium
302 2337 424 2373 cum
464 2328 620 2373 aestu
643 2320 812 2372 maris
832 2321 1233 2371 crescentiumt
1274 2319 1436 2370 iuxta
1453 2318 1721 2368 istrorum

121 2404 343 2459 agrum,
375 2390 546 2451 Cissa,
585 2387 847 2451 Pullaria,
888 2394 946 2439 et
964 2387 1293 2455 Absyrtides
1314 2386 1502 2439 Graiis
1522 2385 1724 2446 dictae,

58 2501 69 2516 .
125 2474 162 2516 a
182 2457 362 2510 fratre
393 2457 627 2509 Medeae
656 2457 738 2507 ibi
776 2455 1074 2508 interfecto
1106 2456 1370 2523 Absyrto.
1428 2455 1592 2507 iuxta
1632 2467 1725 2507 eas

78 2535 89 2546 ·
123 2525 440 2579 Electridas
475 2540 759 2588 vocavere,
791 2526 849 2576 in
871 2524 1067 2591 quibus
1090 2526 1405 2589 proveniret
1424 2523 1728 2583 succinum,

126 2593 282 2664 quod
301 2594 390 2648 illi
410 2592 679 2648 electrum
702 2594 1004 2665 appellant,
1043 2592 1308 2646 vanitatis
1332 2590 1582 2647 Graecae
1611 2606 1729 2647 cer·
1805 2655 1812 2665 ,
