2009 3025
239 174 540 228 nawa.
582 175 927 228 maroa.
963 168 1148 250 ma„
1172 178 1270 231 v1.
1313 178 1532 235 13—15.
1598 181 1701 236 351

98 279 254 343 ipsos
273 277 459 337 modo,
477 277 575 329 sed
596 277 727 329 illos
751 288 985 346 quoque,
1008 281 1105 346 qui
1124 281 1196 332 ad
1218 296 1314 334 eos
1336 282 1703 350 profugerint.

98 346 262 398 Ultra
282 361 378 398 eos
404 346 566 412 plane
588 347 696 398 iam
719 346 990 415 Scythae,
1031 351 1335 411 Cimmerii,
1380 352 1701 413 Cissianthi,

96 415 326 482 Georgi,
346 421 404 468 et
423 417 761 469 Amazonum
781 431 939 484 gens.
975 419 1135 471 Haec
1158 434 1332 485 usque
1353 419 1424 469 ad
1446 420 1702 485 Caspium

98 490 157 536 et
171 484 518 551 Hyrcanium
540 499 710 538 mare.
1195 528 1202 533 ί

167 550 290 605 XV.
313 553 471 604 'Nam
502 559 559 606 et
590 555 856 621 irrumpit
876 554 1145 623 Scythico
1181 571 1389 610 oceano
1424 556 1483 606 in
1513 571 1707 609 aversa

92 622 278 683 Asiae,
298 622 548 687 pluribus
568 625 885 677 nominibus
904 626 1218 681 accolarum
1237 625 1598 697 appellatum,
1624 640 1709 677 ce-

93 689 413 742 leberrimis
434 691 668 755 duobus,
689 694 889 761 Caspio
915 705 971 747 et
988 696 1300 763 Hyrcania.
1374 695 1501 747 Non
1524 695 1706 745 minus

94 759 211 811 hoc
232 775 355 812 esse
372 772 541 828 quam
564 762 800 817 Pontum
833 764 1140 827 Euxinum,
1182 762 1498 817 Clitarchus
1524 769 1708 828 putat.

93 828 498 883 Eratosthenes
531 832 692 897 ponit
723 839 783 884 et
806 848 1150 885 mensuram:
1192 835 1264 885 ab
1284 839 1484 886 exortu
1510 839 1569 884 et
1589 847 1705 898 me-

82 896 255 960 ridie,
284 913 384 965 per
403 900 675 952 Cadusiae
698 907 754 952 et
775 901 1041 955 Albaniae
1064 918 1218 954 oram
1242 903 1530 970 quinquies
1553 900 1708 954 mille

93 967 272 1019 CCCC
293 967 440 1019 stad2
464 969 600 1025 Inde
622 984 721 1035 per
742 971 1063 1033 Anariacas,
1084 972 1374 1033 AmardoS,
1393 972 1709 1037 Hyrcanos,

91 1035 167 1087 ad
188 1036 391 1089 ostium
412 1038 523 1089 Oxi
546 1037 812 1102 fluminis,
837 1048 1036 1106 quater
1057 1042 1211 1092 mille
1231 1040 1421 1095 DCCC
1439 1039 1585 1091 stad.
1624 1038 1710 1090 Ab

91 1118 165 1157 eo
186 1104 258 1155 ad
279 1106 485 1159 ostium
510 1107 750 1163 Iaxartis
769 1108 912 1162 MM.
936 1111 1130 1163 CCCC.
1185 1109 1343 1170 Quae
1362 1123 1582 1161 summa
1594 1106 1708 1159 effi·

90 1174 175 1225 cit
198 1173 521 1239 quindecies
541 1182 777 1235 centena
796 1182 1151 1243 septuaginta
1172 1180 1412 1244 quinque
1425 1177 1562 1228 mill.
1586 1192 1710 1243 pas-

90 1257 273 1294 suum.
319 1244 705 1299 Artemidorus
727 1242 858 1295 hinc
880 1242 1129 1296 detrahit
1146 1246 1349 1312 viginti
1370 1247 1606 1312 quinque
1628 1245 1708 1296 Μ.

88 1326 371 1379 paaeuum.
392 1314 642 1383 Agrippa
660 1313 918 1377 Caspium
932 1326 1103 1374 mare,
1124 1320 1428 1381 gentesque
1449 1329 1591 1379 quae
1607 1314 1710 1365 cir-

90 1394 162 1433 ca
180 1387 330 1442 sunt,
351 1387 411 1432 et
433 1394 556 1430 cum
580 1378 668 1431 his
689 1380 1002 1435 Armeniam
1021 1380 1413 1442 determinans,
1438 1384 1505 1433 ab
1517 1382 1704 1435 orien-

86 1457 154 1502 te
176 1463 384 1501 oceano
409 1447 623 1509 Serico,
645 1448 714 1499 ab
736 1447 1026 1521 occidente
1044 1450 1275 1518 Caucasi
1292 1451 1465 1519 iugis,
1490 1465 1524 1500 a
1544 1451 1708 1502 meri-

86 1518 188 1574 ffie
214 1518 419 1580 Tauri,
460 1534 495 1569 a
517 1519 917 1584 septemtrione
939 1532 1149 1570 oceano
1172 1518 1440 1586 Scythico
1455 1557 1473 1582 ,
1510 1526 1706 1586 patere

84 1604 209 1656 qua
228 1590 506 1655 cognitum
530 1595 634 1649 est,
676 1586 949 1640 CCCCXC
969 1587 1048 1638 M.
1075 1589 1429 1653 passuum,in
1451 1587 1702 1655 longitu-

90 1658 311 1709 dinemz
352 1658 536 1708 CCXC
556 1658 635 1709 M.
658 1656 717 1706 in
745 1653 1098 1706 latitudinem
1122 1654 1398 1722 prodidit:
1464 1657 1587 1709 Non
1610 1656 1703 1709 de·

86 1733 229 1782 sunt
247 1741 397 1788 vero,
432 1725 527 1794 qui
548 1717 667 1782 ei‘us
689 1725 861 1778 maris
884 1725 1198 1775 universum
1224 1725 1513 1777 circuitum
1541 1742 1577 1777 a
1596 1724 1706 1796 fre·

97 1796 166 1849 to'
188 1795 361 1847 vicies
381 1801 438 1848 et
459 1794 747 1863 quinquies
770 1793 1022 1852 centenis
1041 1795 1117 1846 M.
1138 1809 1401 1861 passuum
1421 1794 1674 1847 tradunt.

162 1865 432 1930 Irrumpit
448 1871 643 1918 autem
661 1865 832 1918 arctis
855 1863 1130 1926 faucibus,
1146 1870 1205 1915 et
1225 1863 1285 1930 in
1296 1863 1705 1930 longitudinem

86 1934 380 2001 spatiosis.
447 1936 522 1986 At
543 1935 645 1994 ubi¹
661 1936 847 2001 coepit
867 1933 921 1984 in
943 1932 1297 1985 latitudinem
1317 1932 1514 2000 pandi,
1549 1931 1706 1988 luna-

89 2006 172 2056 tis
205 2003 529 2069 obliquatur
562 2005 845 2056 cornibus:
887 2002 1046 2054 velut
1078 2002 1151 2053 ad
1172 2003 1481 2054 Maeotium
1516 2002 1705 2060 lacum

82 2073 164 2126 οὗ
189 2087 288 2124 ore
318 2072 687 2135 descendens,
730 2073 908 2126 sicilia
940 2078 1030 2139 (ut
1064 2078 1264 2124 auctor
1287 2079 1372 2123 est
1393 2069 1474 2122 M.
1494 2071 1701 2134 Varro)

82 2141 485 2198 similitudine„
511 2169 529 2180 .
561 2141 780 2198 Primus
830 2143 993 2193 sinus
1023 2140 1340 2209 appellatur
1379 2137 1701 2207 Scythicus:

82 2211 356 2277 utrinque
377 2213 527 2263 enim
547 2211 805 2272 accolunt
828 2211 1090 2279 Scythae,
1114 2218 1171 2263 et
1193 2225 1293 2277 per
1313 2210 1601 2277 angustias
1623 2209 1705 2259 in-

85 2288 183 2336 ter
198 2295 264 2331 se
288 2286 629 2334 commeantx
651 2280 778 2332 binc
789 2280 1088 2344 Nomades,
1109 2286 1165 2333 et
1188 2279 1551 2334 Sauromatae
1566 2276 1704 2330 mul-

80 2351 169 2402 tis
193 2349 531 2413 nominibus,
554 2349 710 2402 illinc
730 2349 959 2402 Abzoae
972 2366 1083 2401 non
1142 2349 1480 2401 aucioribus.
1521 2348 1603 2399 Ab
1625 2349 1701 2398 in-

82 2417 268 2471 troitu
295 2418 514 2486 dextra,
536 2433 851 2470 mucronem
874 2418 1056 2487 ipsum
1106 2420 1323 2471 aucium
1347 2423 1538 2472 tenent
1556 2415 1691 2471 Udi·

82 2487 151 2542 ni
171 2485 509 2555 Scytharum
528 2489 781 2555 populus.
822 2486 965 2541 Dein
984 2502 1087 2555 per
1106 2502 1261 2540 oram
1284 2487 1482 2540 Albani
1505 2487 1590 2552 (ut
1611 2485 1692 2536 fe·

79 2556 245 2623 runt)
269 2558 340 2609 ab
361 2555 556 2612 lasone
579 2561 881 2620 orti2'ante
901 2572 1038 2624 quos
1060 2572 1212 2608 mare
1233 2557 1378 2623 quod
1406 2562 1508 2617 est,
1525 2554 1693 2618 Alba,-

78 2642 218 2680 nam
240 2626 575 2679 nominatur.
618 2628 775 2679 Haec
797 2642 932 2694 gens
952 2625 1245 2692 superfusa
1264 2626 1538 2675 montibus
1554 2625 1692 2675 Cau-

79 2696 276 2760 casiis,
316 2695 391 2749 ad
409 2696 616 2764 Cyrum
638 2711 870 2762 munem,
901 2694 1193 2752 Armeniae
1211 2694 1509 2765 confinium
1529 2700 1696 2759 atque
