2009 3025
244 133 350 190 292
624 139 684 190 C.
755 136 1039 191 PL1N11
1108 131 1482 188 SECUNDI
1514 165 1526 180 x

241 240 303 291 ln
326 239 503 292 Ponto
528 240 689 303 duae,
728 240 790 291 M
829 242 897 293 D.
929 256 1082 307 pass.
1106 241 1175 291 ab
1196 240 1439 304 Europa,
1483 233 1618 287 xlv
1655 232 1734 284 M.
1782 234 1855 286 ab

126 313 134 322 ”
241 311 411 372 ostio,
435 295 793 375 Cyaneae,ab
814 310 938 360 aliis
960 309 1361 377 Symplegades
1387 306 1716 373 appellatae,
1737 309 1856 355 tra-

233 378 502 444 ditaeque
525 378 732 432 fabulis
754 380 898 431 inter
921 394 981 430 se
1008 378 1380 429 concurrisse:
1406 374 1665 443 quoniam
1683 388 1859 439 parvo

240 446 524 499 discretae
549 448 865 510 interval10‚
888 463 957 499 ex
979 448 1216 497 adverso
1241 445 1579 496 intrantibus
1602 442 1857 510 geminae

241 518 628 578 cernebantur,
649 517 982 583 paulumque
1004 515 1217 567 deflexa
1242 515 1380 575 acie,
1395 513 1712 564 coeuntium
1734 527 1861 580 spe·

243 585 382 636 ciem
407 587 764 650 praebebant.
823 587 973 636 Citra
994 586 1194 636 Istrum
1219 582 1705 651 Apiffloniatarum
1725 599 1861 645 una,

239 653 452 705 LXXX
483 653 561 705 M.
584 670 619 706 a
637 654 929 722 Bosphoro
956 654 1217 715 Thracio,
1260 670 1327 706 ex
1349 670 1461 721 qua
1482 655 1560 705 Μ.
1586 652 1860 704 Lucullus

221 723 619 788 Capitolinum
661 725 970 790 Apollinem
1016 724 1258 775 advexit.
1331 725 1483 775 lnter
1536 722 1682 772 ostia
1712 721 1857 772 ‘istri

243 805 383 857 quae
424 799 636 854 essent,
679 794 935 844 diximus.
1008 794 1148 845 Ante
1166 791 1578 858 Borysthenem
1602 790 1858 841 Achillea

242 870 331 910 est
349 876 521 927 supra
541 862 712 924 dicta,
756 862 946 914 eadem
971 862 1159 913 Leuce
1182 867 1238 913 et
1260 860 1529 912 Macaron
1553 859 1855 925 appellata.

240 928 405 980 Hanc
424 936 734 997 temporum
769 930 963 982 horum
1002 931 1407 982 demonstratio
1444 944 1478 979 a
1500 927 1871 996 Borysthene-

243 997 391 1048 CXL
410 997 487 1048 M.
512 1000 690 1065 ponit‚
715 1015 748 1049 a
770 1002 926 1067 Tyra
946 996 1096 1051 CXX
1119 1001 1267 1062 M.,a
1285 1000 1466 1051 Peuce
1488 999 1681 1049 insula
1700 998 1860 1064 quin-

242 1067 512 1134 quaginta
532 1068 611 1119 M.
685 1069 939 1136 Cingitur
959 1070 1183 1121 circiter
1216 1068 1405 1121 decem
1438 1066 1862 1136 M.4pass.Reli-

241 1148 384 1199 quae
409 1130 467 1184 i’n
489 1135 770 1188 Carcinite
790 1140 933 1200 sinu,
949 1138 1413 1204 Cephalonnesos,
1430 1135 1856 1203 Rhosphodusa,

240 1201 456 1252 Macra.
511 1202 653 1254 ·N0n
678 1211 764 1255 est
784 1206 1096 1260 omittenda
1116 1209 1416 1258 multorum
1441 1206 1650 1271 opinio,
1680 1206 1858 1271 prius·

210 1301 222 1309 -
242 1284 403 1335 quam
426 1269 806 1337 digrediamur
828 1288 862 1323 a
882 1274 1082 1338 Ponto,
1107 1278 1197 1341 qui
1222 1276 1398 1327 maria
1417 1272 1602 1324 omnia
1623 1275 1855 1325 interio-

242 1339 427 1403 ra.illo
450 1340 631 1405 capite
653 1343 821 1403 nasci,
846 1359 956 1394 non
982 1343 1261 1396 Gaditano
1289 1345 1461 1404 frete,
1505 1345 1858 1395 existimave-

241 1422 333 1469 re,
378 1407 542 1460 haud»
569 1410 924 1476 improbabili
967 1419 1317 1479 argumento:
1361 1413 1621 1479 quoniam
1667 1419 1856 1463 aestus

243 1490 467 1543 semper
489 1494 519 1531 e
539 1477 721 1532 Ponto
742 1479 1041 1546 profluens,
1062 1497 1341 1549 nunquam
1365 1482 1769 1549 reciprocetur.
1862 1483 1871 1494 '

310 1548 639 1599 Exeundum
668 1551 869 1603 deinde
892 1558 1072 1613 est,-ut
1092 1559 1283 1603 extera
1295 1554 1554 1618 Europae
1576 1550 1859 1614 dicantur,

240 1619 719 1685 transgressisque
743 1619 1027 1686 Riphaeos
1063 1627 1306 1682 montes,
1348 1621 1478 1671 litus
1516 1621 1737 1672 Oceani
1774 1635 1865 1671 se-

243 1687 649 1748 ptemtrionalis
670 1689 726 1739 in
751 1689 930 1751 laeva,
953 1690 1128 1742 donec
1149 1686 1504 1756 perveniatur
1524 1688 1732 1750 Gades,
1772 1689 1858 1740 le-

177 1788 184 1795 .
240 1753 501 1818 gendum.
570 1756 792 1809 Insulae
816 1759 1127 1824 complures
1148 1760 1270 1811 sine
1294 1760 1698 1811 nominibus‘eo
1736 1759 1864 1809 situ

241 1821 556 1879 traduntur.
625 1827 709 1877 Ex
735 1829 933 1892 quibus
959 1834 1087 1879 ante
1111 1826 1414 1895 Scythiam,
1438 1843 1580 1895 quae
1603 1822 1869 1894 appella-³

242 1895 337 1941 tur
357 1892 665 1953 Baunonia,
688 1909 849 1945 unam
874 1896 1070 1949 abesse
1094 1897 1203 1948 diei
1226 1913 1410 1960 cursu,
1430 1898 1488 1949 in
1550 1901 1679 1951 uam
1700 1895 1863 1947 veria

241 1964 353 2010 tem
397 1975 495 2037 ore
517 1959 775 2012 fluctibus
795 1965 1375 2033 electrumeiiciatur,
1472 1958 1858 2033 imaffl'w‘o—

242 2018 276 2081 ἆ.
280 1975 404 2080 mil.
463 2028 714 2095 ‘Reliqua
731 2028 904 2084 litora
921 2032 1136 2086 incerta
1159 2036 1385 2105 signata
1400 2036 1567 2088 fama.
1606 2037 1864 2103 Septem·

241 2097 499 2149 trionalis
518 2098 797 2151 Oceanus:
842 2103 1189 2156 Amalchium
1221 2120 1346 2156 eum
1384 2106 1704 2157 Hecataeus
1751 2119 1857 2171 ap·

239 2165 452 2231 pellat,
496 2180 531 2216 a
551 2167 908 2233 Parapamiso
950 2187 1138 2236 amne,
1184 2189 1292 2241 qua
1334 2173 1621 2239 Scythiam
1661 2173 1857 2236 alluit,

204 2235 389 2299 ‘quod
411 2250 611 2286 nomen
633 2236 750 2288 eius
771 2241 952 2305 gentis
970 2241 1162 2308 lingua
1183 2242 1459 2310 significat
1470 2243 1857 2309 congelatum.

240 2300 531 2355 Philemon
552 2304 981 2360 Morimarusam
1018 2325 1052 2360 a
1073 2312 1310 2362 Cimbris
1348 2311 1562 2374 vocari,
1599 2311 1707 2362 hoc
1747 2317 1859 2373 est,

243 2377 522 2424 mortuum
549 2388 720 2435 mare,
744 2390 917 2443 usque
939 2377 1009 2428 ad
1034 2381 1469 2445 promontorium
1496 2381 1739 2432 Rubeas:
1764 2379 1857 2431 ul-

242 2441 336 2487 tra
357 2437 558 2493 deinde
581 2442 858 2497 Cronium.
932 2445 1240 2513 Xenophon
1262 2448 1696 2515 Lampsacenus,
1720 2464 1757 2499 a
1774 2447 1853 2498 li-

244 2507 370 2556 tore
391 2504 724 2585 Scytharum
749 2514 918 2563 tridui
941 2517 1316 2582 navigatione,
1337 2518 1577 2569 insulam
1603 2533 1724 2569 esse
1744 2517 1859 2567 im·

245 2584 471 2626 mensae
492 2580 914 2645 magnitudinis,
933 2583 1195 2646 Baltiam,
1214 2586 1410 2639 tradit.
1479 2586 1721 2640 Eandem
1741 2584 1860 2652 Py·

246 2637 414 2695 theas
433 2643 703 2711 Basiliam
729 2651 1002 2702 nominat,
1035 2651 1315 2707 Feruntur
1336 2661 1396 2710 et
1415 2654 1626 2721 Oonae,
1641 2657 1697 2706 in
1720 2654 1857 2723 qui-
