2009 3025
304 124 610 185 unua.
658 99 1001 187 alsuca.
1048 132 1209 185 Lm.
1253 132 1320 207 v.
1367 135 1418 186 4.
1448 133 1497 188 5.
1601 136 1709 192 ³oe

91 234 193 281 tur
218 228 556 286 Hammonis
580 235 824 298 oraculo,
865 235 1017 302 quod
1040 251 1075 288 a
1097 236 1328 303 Cyrenis
1349 238 1507 289 abest
1526 238 1706 292 CCCC

88 297 172 349 Μ.
195 314 498 365 passuum:
538 301 696 354 fonte
717 303 897 356 Solis:
934 296 1162 357 u‘rbibus
1178 305 1423 357 maxime
1443 308 1704 372 quinque,

85 366 391 431 Berenice,
433 372 681 433 Arsinoe,
719 368 1081 435 Ptolemaide,
1110 374 1423 441 Apollonia,
1450 376 1576 441 ipsa
1596 376 1704 443 Cy·

14 474 15 479 ,
83 450 247 488 rene.
323 438 623 501 Berenice,
665 440 719 491 in
745 439 929 508 Syrtis
951 443 1160 494 extimo
1183 457 1355 494 cornu
1377 451 1487 506 est,
1533 458 1703 510 quon·

83 504 219 556 dam
242 515 450 559 vocata
466 507 834 575 Hesperidum
855 511 1297 577 supradictarum
1312 548 1329 575 ‚
1370 512 1702 579 vagantibus

84 573 375 627 Graeciae
406 576 631 629 fabulis.
668 585 674 590 ’
704 577 820 633 Nec
851 579 1045 644 procul
1067 588 1196 632 ante
1221 580 1481 648 oppidum
1502 581 1702 633 fluvius

83 641 351 707 Lethon,
391 646 552 697 lucus
573 661 762 708 sacer,
802 647 899 697 ubi
922 647 1294 716 Hesperidum
1319 648 1468 700 horti
1489 663 1697 702 memo-

84 718 310 763 rantur.
382 715 553 767 Abest
572 731 603 766 a
625 715 792 781 Lepti
813 717 1155 781 cchxxv
1177 720 1253 770 M.
1276 723 1553 785 passuum.
1616 718 1697 768 Ab

84 781 443 845 eaArsinoe,’
482 782 758 836 Teucbira
787 786 1063 848 vocitata,
1108 786 1394 839 XLlll'M.
1415 801 1694 852 passuum.

83 848 163 900 Et
183 846 394 907 deinde
415 851 747 914 Ptolemais,
786 854 1019 922 antiquo
1055 855 1276 907 nomine
1297 852 1501 917 Barce,
1537 856 1699 908 xxu

82 917 164 968 M.
187 928 475 984 passuum.
548 923 684 974 Mox
716 921 820 973 XL
850 922 930 973 M.
964 937 1222 989 passuum
1254 925 1698 990 promontorium

82 986 320 1054 Phycus
352 1003 451 1054 per
470 991 755 1042 Creticum·
780 1005 933 1042 mare
963 995 1241 1054 excurrit,
1282 992 1496 1044 distans
1517 992 1699 1045 ccci.

81 1054 165 1107 M.
188 1070 456 1121 passuum
493 1074 528 1109 a
551 1054 813 1111 Taenaro
840 1059 1153 1130 Laconicae
1182 1064 1593 1127 promontorio,
1662 1077 1699 1115 a

69 1126 259 1176 -Creta
293 1141 427 1177 vero
459 1127 585 1193 ipsa
607 1126 808 1179 CXXV
828 1128 904 1179 M.
977 1129 1119 1181 Post
1136 1129 1191 1181 id
1213 1131 1464 1196 Cyrene,
1499 1147 1535 1183 a
1554 1131 1697 1182 mari

80 1193 347 1247 undecim
368 1195 444 1247 M.
468 1198 811 1263 passuum-A
833 1195 1119 1264 Phycunte
1136 1199 1485 1264 Apolloniam
1497 1196 1695 1254 XXIV

72 1262 163 1313 M.
191 1276 485 1330 passuum,
557 1264 626 1316 ad
659 1265 1061 1318 Cherronesum
1095 1265 1431 1321 Lxxxvln
1465 1269 1544 1319 Μ.
1574 1283 1694 1334 pas·

80 1345 269 1384 suum.
345 1333 500 1386 Unde
547 1333 972 1387 Catabathmum
1032 1334 1252 1388 CCXVI
1292 1335 1370 1386 M.
1411 1342 1692 1401 passuum.

12 1446 13 1449 ,
80 1402 361 1453 Accolunt
376 1402 769 1463 Marmaridae,
791 1402 1158 1454 aParaetonii
1172 1398 1346 1455 ferme
1365 1405 1597 1470 regione
1622 1402 1693 1454 ad

79 1468 287 1539 Syrtin
314 1485 487 1538 usque
517 1473 786 1525 maiorem
819 1471 1086 1538 porrecti.
1158 1468 1297 1529 Post
1323 1483 1425 1523 eos
1455 1472 1695 1523 Ararau-

79 1540 241 1593 celes
260 1576 277 1602 ,
323 1546 382 1592 et
402 1543 511 1593 iam
532 1543 591 1593 in
612 1556 712 1592 ora
733 1539 917 1607 Syrtis
948 1539 1321 1610 Nasamones,
1363 1554 1502 1606 quos
1530 1547 1698 1592 antea

76 1608 502 1663 Mesammones
515 1610 716 1663 Graeci
740 1608 1110 1676 appellavere,
1132 1607 1203 1659 ab
1223 1615 1553 1675 arg-umento
1564 1610 1696 1673 loci,

68 1678 306 1730 medios
325 1678 471 1730 inter
503 1695 698 1731 arenas
730 1680 888 1730 sitos.
947 1675 1304 1745 'Cyrenaicus
1335 1690 1469 1744 ager
1487 1678 1596 1729 XV
1616 1678 1692 1728 M.

79 1760 351 1813 passuum
376 1746 678 1801 latitudine
698 1763 733 1797 a
752 1748 949 1810 litore,
992 1746 1282 1798 arboribus
1304 1744 1511 1797 fertilis
1532 1743 1695 1797 habo-

78 1825 199 1868 tur.
272 1816 427 1881 Intus
448 1816 642 1869 eodem
664 1816 845 1883 spatio
880 1814 1133 1881 frugibus
1155 1820 1399 1865 tantum:
1441 1827 1574 1865 mox
1595 1817 1694 1864 tri-

81 1883 252 1952 ginta
284 1883 372 1935 M
411 1899 671 1951 passuum
712 1883 1026 1947 latitudine,
1065 1890 1123 1935 et
1159 1880 1295 1935 CCL
1327 1883 1408 1935 M.
1436 1895 1700 1950 passuum,

12 1999 17 2008 .
82 1953 462 2020 longitudine,
483 1954 665 2007 lasere
686 1954 869 2005 modo.

115 2054 119 2057 >
157 2023 302 2073 Post
320 2021 665 2075 Nasamones
686 2024 938 2076 Asbistae
958 2027 1017 2073 et
1034 2021 1231 2073 Macae
1252 2021 1461 2073 vivunt.
1537 2021 1697 2071 Ultra

73 2106 191 2144 eos
214 2091 677 2144 Hammanientes
700 2091 999 2143 >duodecim
1032 2088 1243 2142 dierum
1273 2091 1478 2142 itinere
1508 2104 1542 2139 a
1564 2088 1697 2155 Syr-

81 2161 245 2212 tibus
269 2160 572 2222 maioribus
595 2160 666 2211 ad
687 2160 1052 2223 occidentem,
1073 2165 1129 2211 et
1148 2159 1259 2224 ipsi
1283 2169 1695 2226 quaquaversus

82 2230 282 2282 arenis
309 2228 663 2280 circumdatix-
699 2236 897 2295 puteos
924 2235 1111 2279 tamen
1151 2224 1297 2278 baud
1335 2226 1586 2278 difficile-s
1614 2227 1695 2276 bi·
1753 2264 1758 2272 .

82 2302 219 2350 num
242 2295 422 2350 ferme
445 2298 754 2349 cubitorum
775 2297 1062 2349 inveniunt
1081 2295 1496 2359 altitudineribi
1514 2302 1692 2347 resta-

82 2366 393 2434 gnantibus
414 2365 787 2420 Mauritaniae
808 2365 983 2432 aquis.
1041 2363 1254 2429 Domos
1273 2364 1393 2416 sale
1412 2365 1694 2416 montibus
1742 2421 1747 2424 ,

72 2431 210 2486 suis.⁴
233 2435 441 2495 exciso,
474 2450 574 2486 ceu
593 2435 796 2501 lapide,
828 2437 1177 2486 construunt.
1247 2432 1329 2483 Ab
1353 2433 1437 2484 his
1456 2431 1526 2486 ad
1548 2433 1690 2484 Tro·

84 2501 365 2572 glodytas
386 2501 597 2556 hiberni
623 2518 850 2556 occasus
869 2501 1038 2568 plaga
1056 2501 1267 2553 dierum
1295 2502 1374 2555 lv
1390 2503 1526 2563 iter,
1569 2516 1692 2552 cum

70 2575 300 2640 quibus
320 2573 706 2625 commercium
729 2586 978 2641 gemmae
1000 2576 1245 2631 tantum,
1283 2585 1443 2638 quam
1468 2571 1710 2623 carbun-'

12 2697 15 2718 1
88 2640 287 2704 culum
304 2649 590 2710 vocamus,
627 2656 696 2698 ex
717 2639 1014 2708 Aethiopia
1047 2639 1318 2724 inrectae.
1387 2641 1695 2720 intervenit
