2009 3025
354 140 458 197 178
747 144 807 196 c.
829 141 1125 213 fni-1511
1175 139 1545 223 saeuum

265 280 283 291 -
353 246 453 299 sed
472 243 780 298 multorum
792 246 970 297 etim.
986 243 1411 297 adhaerentium
1428 245 1603 311 caelo,
1672 243 1848 296 uoties
1867 256 1937 299 er·

311 327 322 339 ·
353 316 594 367 rantium
613 326 840 366 accessu
868 313 1129 380 impulsa,
1165 319 1264 365 aut
1283 315 1536 365 coniectu
1557 328 1619 364 ra
1663 314 1837 364 'orum
1858 320 1940 365 ex·

355 383 644 436 stimulata
663 389 818 433 sunt.
864 383 1103 448 qualiter
1128 382 1186 431 in
1207 381 1423 432 Suculis
1444 383 1713 433 sentimus
1735 381 1935 433 accide-

359 467 441 515 re,
478 466 615 519 quas
638 449 840 502 Graeci
859 452 929 500 ob
950 451 1009 501 id
1054 449 1243 515 pluvio
1266 453 1486 503 nomine
1514 450 1753 516 Hyadas
1776 448 1944 515 appel·

357 522 495 574 lant.
538 520 685 584 Quin
707 527 768 570 et
787 533 889 570 sua
908 525 1112 585 sponte
1136 518 1426 584 quaedam,
1455 517 1725 583 statisque
1744 525 1942 583 tempo·

356 589 533 651 ribus,
570 594 633 639 ut
655 587 980 639 Hoedorum
1004 593 1248 639 exortus.
1272 587 1496 639 Arcturi
1518 600 1646 636 vero
1679 586 1831 639 sidus
1850 600 1945 636 non

357 659 537 710 ferme
553 658 674 709 sine
694 656 1009 722 procellosa
1030 655 1301 724 grandine
1323 655 1577 721 etnergit.

426 727 546 778 XL.
586 726 727 778 Nam
751 725 1046 776 Caniculae
1085 729 1282 775 exortu
1305 723 1536 775 accendi
1555 720 1707 774 Solis
1728 733 1944 788 vapores

360 797 481 863 quis
502 795 773 861 ignorat.²
782 794 936 844 cuius
956 793 1155 843 sideris
1179 791 1406 843 effectus
1429 791 1792 857 amplissimi·
1776 805 1849 841 ιιι
1852 794 1945 840 ter-

357 876 425 915 ra
444 865 776 914 sentiuntur.
816 860 1058 914 Fervent
1079 860 1259 911 maria
1280 861 1563 912 exoriente
1588 874 1673 911 eo.
1698 858 1947 923 fluctuant

357 932 418 982 iu
442 930 597 982 cellis
616 931 762 992 vina,
783 937 1075 983 moventur
1097 935 1315 997 stagna.
1339 930 1592 996 orygem
1607 927 1944 992 appellatAe-

360 1004 567 1066 gyptus
586 997 783 1060 feram,
826 1013 988 1065 quam
1013 999 1070 1048 in
1097 1004 1293 1049 exortu
1335 998 1453 1048 eius
1477 1003 1675 1047 contra
1692 1001 1860 1056 stare,
1892 998 1945 1044 et

309 1111 316 1127 ,
361 1067 623 1120 contueri
654 1066 843 1129 trad-it,
885 1082 951 1119 ac
983 1067 1141 1118 velut
1184 1066 1446 1127 adorare,
1478 1074 1599 1120 eum
1638 1063 1945 1115 sternuefit.

359 1135 536 1185 Canes
560 1134 782 1200 quidem
803 1139 923 1186 toto
949 1149 1019 1186 eo
1041 1135 1225 1201 spatio
1243 1135 1487 1187 maxime
1505 1134 1564 1184 in
1597 1134 1839 1185 rabiem
1848 1128 1991 1215 agi,

353 1215 471 1254 non
494 1208 582 1252 est
603 1202 847 1257 dubium.

425 1269 506 1325 xl
509 1269 572 1323 1.
613 1272 769 1333 Quin
757 1271 1270 1340 partibusquoque
1300 1273 1586 1340 signorum
1617 1268 1945 1338 quorundam

356 1353 462 1390 sua
480 1339 749 1403 risinest,
786 1346 852 1391 ut
882 1342 1188 1394 autumnali
1228 1341 1579 1408 aequinoctio
1622 1341 1940 1407 brumaque,

356 1423 503 1463 oum.
514 1407 935 1474 tempestatibus
978 1410 1174 1461 confici
1211 1412 1377 1462 sidus
1406 1410 1790 1483 intellig-imus.
1849 1404 1948 1460 Nec

352 1477 625 1532 imbribus
663 1484 886 1534 tantun
917 1480 1473 1561 tempestatibusque,
1514 1480 1614 1532 sed
1652 1476 1846 1530 multis
1900 1478 1989 1529 sl

355 1561 659 1616 corporum
694 1554 753 1599 et
773 1548 922 1602 ruris
945 1545 1355 1614 experimentis.
1397 1547 1665 1600 Afflantur
1690 1548 1792 1599 alii
1812 1545 1943 1597 side·

353 1631 450 1698 re,
479 1617 579 1668 alii
602 1623 1030 1677 commoventur,
1071 1616 1235 1670 statis
1258 1617 1617 1682 temporibus,
1659 1617 1805 1672 alvo.
1842 1623 1947 1665 itu·-

351 1686 470 1747 vis,
502 1684 700 1752 capite,
721 1690 921 1740 mente.
961 1686 1120 1746 Olea,
1141 1686 1463 1752 etpopulus-
1475 1686 1618 1745 aiha,
1659 1691 1718 1734 ot
1737 1680 1945 1743 salices,

354 1754 604 1805 solstitio
627 1754 767 1805 folia
800 1755 1200 1821 circumagunt.
1242 1754 1470 1804 Floret
1453 1768 1577 1819 ipso
1605 1752 1845 1805 brumali
1865 1749 1945 1802 die

354 1836 625 1903 §uspensa
663 1824 734 1876 in
746 1822 910 1872 tectis
932 1824 1157 1874 arentis
1162 1822 1332 1874 herba
1352 1821 1599 1889 pulegii,
1625 1825 1947 1899 rumpuntur

352 1888 605 1941 intentae
644 1891 844 1954 spiritu
877 1891 1247 1942 membranae.
1308 1892 1548 1942 Miretur
1566 1890 1689 1952 hoc,
1710 1888 1947 1957 quium

354 1958 555 2011 observ
559 1962 615 2008 et
669 1957 1010 2024 quotidiano
1041 1960 1452 2025 experimento,
1498 1958 1724 2011 herbam
1768 1965 1944 2015 unni,

353 2042 511 2094 quae
503 2032 750 2077 vocatur
770 2024 1012 2078 heliotro
1054 2029 1182 2109 ium,
1221 2029 1513 2080 abeuntem
1537 2028 1722 2079 Solem
1750 2023 1945 2077 intueri

352 2107 588 2161 semper,
626 2093 989 2161 omnibusque
1065 2098 1180 2146 oris
1210 2112 1333 2148 cum
1365 2112 1445 2148 eo
1452 2097 1613 2156 vetti,
1654 2094 1746 2146 rel
1766 2092 1945 2148 numo

353 2165 734 2218 obumbrante
792 2163 918 2216 Iam
950 2164 1171 2230 quidem
1212 2165 1396 2216 lunari
1434 2170 1716 2232 potestate
1746 2169 1945 2215 ostreu-

349 2246 494 2295 tum,
536 2230 1079 2310 conchyliorumque,
1122 2221 1178 2284 e}
1199 2233 1528 2289 concharum
1565 2233 1804 2284 omnium
1828 2239 1943 2282 cor·

352 2315 504 2367 pora
513 2298 720 2366 angeri,
743 2314 807 2354 ac
827 2315 1035 2352 rursus
1042 2302 1232 2355 minui.
1274 2304 1417 2363 Quin
1443 2309 1500 2354 et
1521 2304 1762 2353 soricum
1785 2301 1949 2351 filim

348 2367 685 2447 respondere
724 2381 952 2420 numero
990 2369 1210 2429 Lunae,
1253 2371 1600 2438 exquisivere
1642 2365 1949 2436 diligentio-

351 2450 470 2487 res.
515 2435 904 2516 minimumque
934 2439 1139 2492 animal
1162 2437 1449 2490 formicam
1475 2440 1683 2491 sentire
1705 2438 1853 2488 vires
1872 2433 1947 2486 si-

354 2503 520 2566 deris,
539 2504 836 2560 interlunio
860 2521 1079 2575 semper
1101 2515 1425 2559 cessantem.
1482 2508 1605 2569 Quo
1627 2499 1955 2573 turpior&-

355 2571 493 2624 mini
517 2573 735 2626 inscitia
754 2582 857 2635 est,
892 2576 1094 2626 fatenti
1118 2578 1410 2642 praecipue
1428 2575 1804 2628 iumentorum
1827 2581 1957 2642 ‹1⁸0-

361 2640 595 2693 tundam
616 2643 676 2694 in
716 2644 891 2696 oculis
932 2642 1157 2693 morbos
1180 2658 1302 2694 cum
1333 2645 1491 2696 Luna
1538 2644 1853 2700 increscere
1890 2649 1955 2694 Μ

1968 2697 1982 2994 ι
