2009 3025
208 2522 215 2526 ,
321 2462 573 2517 Suemus·
628 2467 1009 2531 Macedoniae,
1038 2469 1331 2533 Thraciae,
1361 2471 1717 2538 Hellesponti
1741 2470 1924 2539 longi·

329 157 432 213 278
729 157 789 209 c.
825 120 1512 237 pawn-ssc‘usm

330 274 441 311 ras.
478 256 720 327 Oppida:
743 257 1073 328 Selymbria,
1093 256 1389 310 Perinthus
1405 257 1715 310 latitudine
1736 259 1929 313 ducen-
1993 310 1994 319 ,

328 336 513 379 torum
539 344 799 394 passuum
818 329 1126 381 'continenti
1148 342 1382 379 annexa.
1427 329 1585 379 intus
1606 328 1822 395 Bizya‚
1842 343 1933 379 arx
1993 358 1994 361 =

328 411 521 463 regum
543 397 829 459 Thraciae,
870 396 1093 449 aTerei
1132 395 1354 448 nefasto
1393 398 1624 449 crimine
1657 397 1934 449 invisahi·
1993 428 1994 433 =

329 466 680 519 ruadinibus.
726 467 901 532 Regio
926 467 1179 528 Caenica,
1194 465 1418 519 colonia
1434 464 1811 533 Flaviopolis,
1853 467 1934 518 ubi
1993 472 1994 475 ’

331 542 500 587 antea
522 535 654 586 Zela
676 536 931 605 oppidum
956 537 1279 588 vocabatur.
1325 535 1401 586 Et
1417 550 1452 586 a
1468 535 1654 603 Bizya
1673 536 1934 604 quinqua·

333 605 489 670 ginta
519 604 695 656 millia
731 619 994 672 passuum
1014 611 1191 671 Apros
1222 603 1458 665 colonia,
1499 619 1642 671 quae
1666 620 1706 659 a
1730 605 1931 670 Philip·
1993 616 1994 687 3

329 674 419 738 pis
460 674 617 725 abest
658 682 875 725 centum
918 675 1210 740 octoginta
1243 680 1371 725 octo
1405 673 1547 727 mill.
1572 689 1724 741 pass.
1796 675 1865 724 At
1882 676 1933 729 in
1993 714 1994 725 ,

332 756 434 795 ora
465 745 640 793 amnis
662 745 930 810 Erginus:
973 742 1235 810 oppidum
1273 743 1382 792 fuit
1404 741 1619 794 Ganos:
1659 742 1932 794 deseritur
1959 742 1966 753 '
1993 746 1994 803 ξ

331 820 387 862 et
411 810 769 877 Lysimachia
809 814 918 865 iam
958 815 1023 864 in·
1042 812 1409 865 Cherroneso.
1993 810 1994 827 ³

398 881 554 932 Alius
578 897 812 949 namque
835 883 915 933 ibi
936 881 1177 937 Isthmos
1200 878 1662 946 angustia-simili
1703 885 1812 942 est,
1841 885 1932 933 'eo-
1993 894 1994 899 ¹

288 994 295 1000 .
330 950 456 1000 dem
478 953 715 1011 nomine,
756 960 813 1002 et
837 951 957 1018 pari
978 951 1284 1003 latitudine.
1338 949 1628 1000 illustrant
1671 951 1822 1002 duae
1854 964 1931 999 ur·
1993 948 1994 995 3

329 1020 428 1070 bes
451 1022 706 1087 utrinque
727 1020 911 1081 litora,
934 1035 1078 1088 quae
1099 1018 1245 1071 haud
1271 1018 1531 1069 dissimili
1551 1019 1725 1069 modo
1747 1026 1929 1070 tenus·

295 1122 302 1136 .
327 1102 421 1138 re:
444 1085 656 1156 Pactye
680 1104 714 1140 a
733 1088 1087 1154 Propontide,
1109 1087 1312 1139 Cardia
1332 1087 1601 1139 aMelane
1623 1089 1751 1140 sinu
1765 1104 1781 1136 ι
1806 1088 1924 1138 hato
1993 1118 1994 1123 =

294 1202 301 1207 .
331 1169 400 1205 ex
421 1153 567 1207 facie
597 1158 708 1211 loci
739 1158 961 1208 nomine
983 1165 1237 1224 accepto:
1280 1162 1547 1222 utraeque
1579 1155 1926 1224 comprehen·
1993 1164 1994 1179 ³

292 1237 424 1293 ‚pac
444 1229 641 1288 postea
661 1224 1021 1291 Lysimachia
1058 1230 1295 1294 quinque
1335 1225 1471 1276 mill.
1497 1239 1644 1291 pass.
1671 1241 1707 1276 a
1728 1226 1925 1291 Longis

290 1344 297 1351 ⁴
330 1293 520 1344 muris.
576 1291 953 1346 Cherronesos
977 1310 1011 1345 a
1032 1293 1372 1361 Propontide
1393 1293 1587 1345 habuit
1607 1296 1924 1357 Tiristasin,

331 1360 624 1414 Crithoten
636 1381 652 1413 ι
673 1365 882 1415 Cissam
899 1362 1115 1417 flumini
1125 1365 1304 1430 Aegos
1317 1363 1630 1430 appositam
1649 1381 1664 1413 z
1689 1379 1834 1415 nunc
1844 1362 1924 1414 hs-

327 1430 426 1481 bet
447 1446 482 1481 a
503 1433 725 1484 colonia
742 1435 891 1501 Apro
913 1433 1071 1489 xxu
1105 1433 1242 1484 mili.
1266 1447 1548 1498 passuum,
1587 1432 1850 1484 Resiston
1867 1447 1923 1484 cx

296 1539 303 1550 .
331 1500 567 1554 adverso
592 1502 842 1555 coloniae
865 1502 1152 1558 Parianae.
1189 1504 1262 1556 Et
1282 1502 1702 1569 Hellespontus,
1721 1508 1925 1570 septem

329 1575 416 1631 (ut
435 1571 697 1639 diximus)
719 1574 916 1625 stadiis
943 1577 1219 1640 Europam
1244 1575 1313 1625 ab
1334 1573 1465 1625 Asia
1485 1573 1762 1635 dividens,
1807 1586 1926 1641 qua-

298 1695 302 1702 ,
324 1646 460 1691 tuor
479 1640 603 1693 illic
623 1642 770 1696 inter
788 1658 849 1695 se
871 1644 1179 1696 contrarias
1201 1643 1364 1695 urbes
1385 1640 1587 1694 habet:
1623 1642 1688 1696 in
1708 1642 1928 1708 Europa

298 1757 303 1762 .
327 1707 628 1777 Callipolin
649 1719 708 1764 et
727 1711 943 1774 Seston,
987 1719 1044 1764 et
1067 1715 1123 1766 in
1145 1713 1274 1766 Asia
1296 1712 1661 1777 Lampsacum
1692 1717 1754 1762 et
1780 1711 1921 1778 Aby-

327 1778 454 1830 don.
510 1780 657 1833 Dein
697 1781 1134 1849 promontorium
1171 1780 1502 1834 Cherronesi
1521 1779 1805 1833 Mastusia
1842 1779 1925 1831 ad-

324 1862 544 1899 versum
577 1848 766 1916 Sigeo:
819 1850 974 1903 cuius
1002 1852 1060 1906 in
1089 1850 1274 1902 fronte
1291 1880 1295 1883 <
1313 1851 1535 1919 obliqua
1557 1850 1925 1922 Cynossema3
1949 1861 1956 1874 ¹

323 1917 405 1967 ita
431 1918 746 1983 appellatur
767 1920 1031 1977 Hecubae
1068 1920 1332 1983 tumulus,
1369 1920 1540 1972 statio
1563 1918 1921 1971 Achaeorum.

306 1986 522 2036 ‚Turris
546 1993 603 2036 et
623 1986 911 2039 delubrum
936 1989 1248 2042 Protesilai.
1304 1992 1380 2042 Et
1412 1989 1468 2039 in
1488 1994 1744 2040 extrema
1764 1987 1927 2040 Cher-

258 2061 263 2068 ·
304 2054 513 2109 ronesi
535 2052 738 2116 fronte,
760 2071 901 2123 quae
924 2066 1151 2112 vocatur
1170 2058 1441 2118 Aeolium,
1466 2057 1735 2124 oppidum
1761 2058 1919 2109 Elae-

301 2136 406 2178 με.
443 2121 586 2173 Dein
609 2128 831 2189 petenti
844 2126 1345 2188 Melanem‘sinum‚
1386 2133 1590 2194 portus,
1603 2126 1829 2188 Coelos,
1867 2131 1925 2177 et

322 2188 687 2251 Panhormus,
716 2200 773 2245 et
791 2210 959 2261 supra
981 2196 1132 2248 dicta
1196 2195 1372 2249 ardia.
1409 2195 1640 2248 Tertius
1662 2195 1924 2261 Europae

322 2258 476 2309 sinus
499 2259 569 2310 ad
589 2258 735 2313 hunc
756 2264 978 2327 modum
1001 2265 1124 2317 clau
1168 2268 1295 2316 itur.
1332 2263 1557 2330 Montes
1580 2272 1743 2315 extra
1765 2279 1922 2331 prae·

321 2327 503 2377 dictos
526 2327 800 2384 Thraciae
824 2331 1075 2395 Edonus,
1120 2334 1470 2402 Gigemoros‚
1510 2332 1774 2394 Meritus,
1813 2332 1927 2384 Me-

310 2392 676 2463 lamphyllos.
733 2397 991 2452 Flumina
1024 2405 1078 2453 in
1100 2403 1348 2455 Hebrum
1369 2402 1646 2463 cadentia,
1683 2402 1925 2469 Bargus,

320 2529 458 2581 tudo
482 2542 565 2586 est
594 2550 762 2603 supra
784 2537 964 2589 dicta.'
984 2538 1218 2598 Quidam
1239 2542 1724 2608 septingentorum
1746 2539 1926 2607 vigin-

310 2599 369 2650 ,ti
387 2599 523 2655 mill.
547 2604 768 2656 faciunt.
805 2606 1075 2658 Latitudo
1098 2607 1458 2661 ducentorum
1481 2611 1777 2676 octoginta
1798 2623 1929 2675 qua·

321 2674 452 2743 tuor
468 2673 703 2723 millium
725 2680 825 2724 est.
1035 2724 1041 2730 .
1579 2701 1586 2710 ·
1780 2672 1793 2679 ⁸

1795 2815 1850 2840 q:
