2009 3025
227 517 240 532 ⁸
326 502 426 554 dia
441 515 572 553 vero
594 508 888 567 terrarum,
910 520 1019 572 qua
1040 505 1188 559 Solis
1212 507 1398 557 orbita
1418 515 1523 573 est,
1547 513 1748 560 exusta
1769 503 1918 559 llam·

213 1455 224 1464 -
316 1402 530 1454 ropam,
570 1390 865 1460 Asiamque
902 1395 1192 1463 dispescit,
1231 1405 1494 1466 quantum
1533 1407 1811 1453 terrarum
1834 1415 1917 1462 oc-

185 1928 215 1987 ‘.
309 1941 396 1990 in«
424 1941 754 2005 universoz)
789 1943 926 1997 haec
967 1954 1053 2000 est
1095 1952 1333 2004 materia
1386 1952 1606 2020 gloriae
1649 1960 1909 2019 nostrae,

347 195 425 262 με
719 195 779 248 c.
849 193 1123 250 PLINH
1194 194 1566 253 saeuum

315 311 429 365 que
450 296 542 362 qui
564 293 826 349 adversus
848 295 957 362 illi,
981 299 1264 351 austrinus
1289 301 1621 367 appellatur.
1653 299 1924 370 Perpetua

327 364 504 430 caligo
526 366 839 433 utrobique,
861 373 919 418 et
940 368 1125 420 alieno
1147 368 1468 421 molliorum
1500 369 1751 423 siderum
1775 385 1923 438 aspe-
1988 403 1989 414 κ

247 471 252 474 -
324 440 447 496 ctu,
486 434 738 501 maligna
757 471 774 499 ,
815 450 879 488 ac
901 439 1100 503 pruina
1119 443 1337 491 tantum
1361 438 1610 491 albicans
1637 438 1755 492 lux.
1800 443 1922 506 *Me-

326 569 433 626 mis
476 574 535 622 et
569 578 819 624 cremata
828 608 852 636 .‚
890 577 1142 625 cominus
1184 588 1393 641 vapore
1434 580 1700 628 torretur.
1768 577 1922 629 Circa

333 638 470 692 duae
486 643 719 703 tantum,
758 641 907 693 inter
947 648 1200 694 exustam
1232 649 1289 693 et
1311 643 1573 712 rigentes,
1616 649 1921 711 temperan-

333 715 455 760 tur:
498 721 704 775 eaeque
726 710 881 776 ipsae
901 699 1053 761 inter
1075 726 1133 761 se
1153 726 1264 761 non
1286 712 1511 778 perviae
1526 746 1543 774 ,
1583 720 1817 780 propter
1832 715 1918 774 ,in-

330 773 578 842 cendium
621 777 835 830 sideris.
865 806 869 809 <
890 779 976 829 lta
996 782 1314 846 terrae.tres
1338 786 1529 847 partes
1555 782 1791 833 abstulit
1812 798 1920 836 cae·

323 842 468 895 lum:
510 845 723 897 Oceani
741 844 938 913 rapina
958 847 1018 898 in
1037 848 1252 917 incerto
1282 855 1387 901 est.
1798 913 1807 922 .

394 910 504 964 Sed
527 919 584 964 et
606 914 803 967 relicta
825 916 983 968 nobis
1004 930 1117 967 una
1134 918 1337 984 portio,
1358 916 1505 970 haud
1526 918 1645 972 scio
1666 934 1738 972 an
1761 919 1921 974 etiam

320 982 383 1031 in
406 980 616 1034 maiore
640 982 841 1034 damno
863 985 954 1036 sit.
1010 984 1162 1037 Idem
1200 986 1473 1054 siquidem
1499 988 1754 1053 Oceanus
1777 987 1917 1040 infu-

322 1063 417 1099 sus
436 1049 496 1099 in
515 1050 724 1101 multos
743 1055 828 1115 (ut
849 1051 1117 1117 dicemus)
1139 1053 1309 1118 sinna,
1331 1056 1470 1107 adeo
1493 1057 1677 1109 vicino
1702 1072 1917 1110 accessu

320 1117 542 1169 interna
564 1121 743 1169 maria
761 1120 1008 1184 allatrat,
1046 1128 1110 1173 ut
1140 1130 1356 1174 centum
1398 1125 1714 1191 quindecim
1754 1126 1916 1178 mini·

319 1186 428 1234 bus
466 1198 724 1249 passuum
757 1189 1021 1241 Arabicus
1063 1190 1214 1242 sinus
1236 1191 1404 1244 distet
1425 1194 1494 1245 ab
1519 1194 1792 1262 Aegyptio
1813 1210 1917 1248 ma·

319 1252 397 1302 ri:
423 1252 657 1320 Caspius
670 1270 804 1307 vero
819 1258 996 1309 CCCL
1007 1258 1160 1311 XXV
1171 1260 1423 1313 millibus
1441 1262 1740 1316 aPoutico'.
1771 1264 1918 1316 Idem

316 1319 625 1373 interfusus
646 1323 819 1375 intrat
839 1339 938 1391 per
961 1333 1048 1378 tot
1071 1328 1265 1392 maria,
1307 1329 1504 1397 quibus
1524 1330 1790 1395 Africam,
1818 1333 1918 1386 Ea·

317 1458 519 1524 cupat'!
553 1460 918 1529 computetur
958 1466 1126 1518 etiam
1167 1482 1311 1520 nunc
1333 1482 1594 1522 mensura
1631 1477 1717 1523 tot
1737 1469 1913 1523 ssumi·

313 1532 447 1578 num
469 1566 486 1593 ,
530 1535 815 1584 tantarum
854 1534 1154 1599 paludum:
1212 1537 1490 1591 addantur
1530 1546 1588 1592 et
1628 1540 1823 1603 lacus,
1862 1546 1917 1594 et

313 1605 535 1664 stagna.
571 1599 687 1653 Iam
708 1601 856 1654 elata
875 1603 933 1653 in
958 1603 1186 1667 caelum,
1229 1611 1295 1658 et·
1317 1608 1493 1660 ardua
1520 1616 1750 1676 aspectu
1786 1624 1913 1677 quo·

313 1680 422 1733 que
463 1669 628 1736 iuga:
691 1671 805 1724 iam
864 1672 1055 1737 silvae,
1111 1673 1399 1744 vallesque
1441 1674 1818 1749 praeruptae,
1858 1683 1915 1730 et
1984 1728 1990 1733 .

266 1752 274 1762 ·
310 1734 686 1802 solitudines,
745 1745 803 1792 et
842 1741 997 1794 mille
1036 1744 1224 1794 causis
1274 1746 1494 1799 deserta
1537 1746 1910 1800 detrahantur.

309 1802 438 1854 Hae
469 1811 558 1855 tot
598 1808 891 1874 portiones
930 1817 1145 1877 terrae,
1183 1812 1356 1866 immo
1397 1830 1569 1879 vero,
1624 1823 1690 1869 ut
1730 1812 1909 1883 plures

307 1871 633 1936 tradidere,
673 1877 868 1928 mundi
908 1886 1165 1945 punctus,
1205 1885 1406 1951 (neque
1446 1884 1607 1949 enim*
1636 1890 1725 1938 est
1758 1882 1907 1936 aliud

309 2006 448 2060 haec
484 2010 681 2073 sedes:
733 2011 823 2064 hic
862 2013 1099 2069 honores
1140 2021 1421 2086 gerimus,
1466 2021 1557 2073 hic
1593 2036 1908 2076 exercemus
1984 2000 1990 2081 Ῐ

309 2079 585 2144 imperia,
615 2076 714 2131 ¹hic
755 2092 887 2147 opes
926 2086 1212 2153 cupimus„
1256 2087 1346 2141 hic
1381 2091 1788 2149 tumultuamur
1816 2090 1909 2143 bu·

308 2159 533 2197 manum
578 2162 770 2214 genus,
794 2147 902 2202 'hic
940 2153 1316 2210 instauramus
1337 2158 1490 2211 bella
1509 2161 1679 2212 etiam
1705 2159 1907 2223 civilia,

308 2216 630 2281 mutuisque
668 2217 925 2270 caedibus
965 2222 1242 2276 laxiorem
1273 2225 1510 2293 facimus
1554 2234 1783 2281 terram.
1836 2228 1905 2285 Et

306 2286 375 2331 ut
398 2281 651 2348 publicos
685 2288 931 2354 gentium
973 2289 1194 2344 furores
1225 2300 1527 2360 transeam,
1557 2295 1698 2350 haec
1726 2298 1782 2348 in
1804 2311 1905 2366 qua

308 2351 681 2403 conterminos
708 2356 984 2422 pellimus,
1028 2359 1290 2430 furtoque
1326 2364 1492 2423 ricini
1528 2366 1793 2434 cespitem
1818 2378 1904 2418 no·

308 2429 430 2496 stro
451 2419 572 2470 solo
591 2420 926 2489 adfodimu8‚
963 2434 1027 2479 ut
1068 2432 1163 2495 qui
1203 2431 1474 2486 latissime
1510 2449 1643 2486 rura
1670 2439 1902 2488 metatus

308 2485 513 2548 tuerit,
559 2489 815 2559 ultraque
848 2495 985 2546 fines
1019 2503 1268 2568 exegerit
1298 2502 1551 2563 accolae,
1597 2510 1769 2570 quota
1804 2509 1903 2555 ter·

309 2564 498 2630 rarum
519 2564 677 2622 parte
699 2561 978 2628 gaudeat‘ss
1019 2565 1108 2616 vel
1141 2582 1262 2618 cum
1299 2569 1371 2620 ad
1401 2584 1715 2623 mensuram
1738 2571 1905 2625 avari·

308 2623 426 2699 trae
464 2636 597 2677 suae
639 2633 1035 2696 propagaverit
1056 2666 1073 2694 ,
1132 2641 1309 2700 quam'
1336 2638 1562 2692 taudem
1597 2642 1901 2706 portionem

311 2701 430 2738 ems
477 2690 768 2768 defunctus
810 2698 1099 2752 obtineat!
1662 2738 1667 2741 -
