2009 3025
263 182 555 239 NATUR.
588 183 938 239 HISTOR.
972 182 1133 237 Lm.
1172 181 1273 237 IV.
1296 182 1381 234 21.
1403 184 1489 237 22.
1573 181 1677 235 283
1722 191 1731 198 '
1804 235 1813 241 ,

84 283 332 340 illustres
354 286 791 348 Glauconnesos,
826 291 883 338 et
903 275 1135 354 hegilia.
1205 284 1284 336 Et
1300 300 1337 336 a
1355 290 1676 351 promonto-
1720 307 1741 330 ι-

83 357 174 407 rio
196 355 492 418 Geraesto,
532 356 681 406 circa
701 356 901 406 Delum
929 356 992 405 in
1016 356 1206 405 orbem
1240 354 1383 404 sitae
1423 352 1590 415 (unde
1621 360 1680 404 ct

63 438 287 505 nomen
308 428 548 485 traxere)
572 422 856 490 Cyclades·
896 422 1084 475 Prima
1106 436 1295 475 earum
1316 420 1534 472 Andrus
1554 435 1683 471 cum

85 487 1687 627 erasas&

88 628 458 696 gnominatam
480 628 681 680 tradit:
717 628 1089 681 Callimachus
1109 628 1348 700 Lasiam,
1387 624 1481 677 alii
1501 624 1690 678 Nona·

89 701 285 767 griano,
326 696 698 765 Hydrussam‚
733 697 999 764 Epagrin.
1072 695 1234 752 Patet
1254 694 1491 747 circuitu
1511 690 1690 744 XCVI

91 767 230 818 mill.
252 780 395 832 pass.
464 767 543 818 Ab
562 765 754 819 eadem
774 766 960 818 Andro
982 779 1176 831 passus
1199 763 1370 822 mille,
1409 768 1467 814 et
1489 776 1524 812 a
1541 759 1688 812 Delo

89 834 402 903 quindecim
424 834 562 887 mill.
600 836 805 898 Tenos,
818 849 939 886 cum
959 833 1165 899 oppido
1186 833 1246 883 in
1263 830 1368 883 XV
1387 828 1526 881 mill.
1539 842 1686 896 pass.

90 909 369 971 porrecta,
390 917 571 969 quam,
591 909 822 970 propter
841 917 1105 968 aquarum
1128 899 1524 951 abundantiam
1540 931 1556 959 ,
1575 895 1692 948 Ari-

91 972 323 1024 stoteles
346 972 695 1038 Hydrussam
736 971 1073 1037 appellatam
1108 971 1212 1030 ait,
1249 969 1422 1033 aliqui
1450 965 1689 1033 Ophius-

13 1069 14 1074 κ
91 1056 229 1096 sam.
285 1042 538 1093 Ceterae:
560 1040 835 1106 Myconos
859 1054 982 1091 cum
1005 1045 1194 1090 monte
1220 1038 1504 1089 Dimasto:
1529 1049 1563 1085 a
1583 1034 1691 1085 De-

89 1110 150 1161 lo
169 1108 479 1177 quindecim
504 1109 641 1159 mill.
665 1123 808 1174 pass.
831 1107 1058 1175 Scyros,
1076 1104 1331 1173 Siphnus,
1353 1110 1480 1156 ante
1502 1104 1684 1155 Mero·

91 1179 206 1245 pia,
226 1183 283 1229 et
302 1178 429 1230 Acis
451 1177 749 1244 appellata,
790 1179 1022 1228 circuitu
1045 1175 1244 1243 viginti
1264 1171 1553 1234 octomill.
1573 1186 1672 1238 pas

55 1291 60 1295 .
91 1261 268 1298 suum.
340 1245 600 1312 seriphus
619 1244 931 1309 duodecim,
972 1242 1387 1311 Prepesinthus‚
1421 1239 1694 1307 cythnos.

93 1318 327 1384 ipsaque
365 1314 533 1381 longe
568 1315 905 1374 clarissima,
944 1318 1003 1365 et
1043 1313 1352 1379 Cycladum
1369 1309 1576 1368 media,
1627 1322 1694 1359 ac

93 1385 303 1451 templo
327 1384 596 1450 Apollinis
617 1389 674 1435 et
693 1388 940 1434 mercatu
962 1380 1270 1440 celebrata,
1314 1378 1513 1429 Delos:
1555 1387 1696 1440 quae

92 1454 187 1505 diu
215 1452 510 1514 fluctuata,
551 1458 614 1504 ut
639 1450 924 1518 proditur,
963 1448 1087 1499 sola
1114 1453 1326 1498 motum
1362 1450 1545 1496 terrae
1584 1449 1696 1494 non

92 1525 292 1576 sensit.
363 1520 445 1573 Ad
466 1523 545 1574 M.
566 1519 841 1572 Varronis
861 1515 1430 1577 aetatem‚Mucianus
1452 1510 1699 1579 prodidit

91 1593 179 1645 bis
205 1604 547 1651 concussam.
585 1590 745 1640 Hanc
765 1586 1097 1639 Aristoteles
1116 1585 1200 1636 ita
1220 1581 1554 1648 appellatam
1576 1592 1699 1645 pro·

92 1661 264 1722 didit,
277 1659 544 1726 quoniam
562 1663 792 1723 repente
816 1655 1134 1721 apparuerit
1157 1654 1339 1704 enata.
1374 1651 1450 1700 Ae
1492 1645 1696 1699 losthe·

90 1746 193 1782 nes
242 1725 567 1795 cynthiam,
608 1726 708 1778 alii
743 1725 1036 1790 Ortygiam
1052 1756 1070 1782 ,
1120 1718 1411 1777 Asteriam‚
1501 1714 1700 1781 agiam,

94 1797 500 1863 chlamydiam‚
519 1791 858 1862 Cynaethum
871 1827 887 1854 ,
925 1789 1192 1858 Pyrpilen
1211 1790 1342 1855 igne
1361 1786 1439 1837 ibi
1461 1785 1698 1851 primum

57 1912 66 1917 -
92 1871 343 1934 reperto.
415 1865 672 1931 Cingitur
710 1863 953 1931 quinque
974 1860 1106 1910 mill.
1139 1869 1423 1924 passuumz
1462 1850 1704 1918 assurgit

60 1987 65 1993 ,
94 1932 319 2004 Cyntho
344 1939 549 1984 monte.
603 1931 882 1989 ,Proxima
903 1929 954 1981 ei
976 1927 1194 1989 Rhene,
1215 1939 1376 1991 quam
1399 1919 1702 1974 Anticlides

94 2004 460 2059 Celadussam
483 2007 670 2054 vocat:
697 2001 833 2053 item
854 1997 1103 2050 Artemin
1126 1993 1468 2047 Hellanicus.
1508 1989 1701 2057 Syros,

61 2130 70 2141 .
92 2088 265 2142 quam
288 2071 520 2123 circuitu
545 2075 734 2135 patere
755 2067 952 2135 viginti
973 2066 1114 2117 mill.
1135 2079 1280 2130 pass.
1299 2059 1592 2128 prodidere
1613 2071 1702 2107 ve-

65 2200 70 2207 ,
92 2151 268 2202 teres,
308 2139 606 2193 Mucianus
623 2143 847 2188 centum
865 2135 1178 2201 sexaginta.
1247 2132 1492 2189 Oliaros,
1530 2126 1701 2178 Paros

92 2226 226 2264 cum
247 2208 453 2276 oppido
468 2243 484 2269 ‚
527 2209 596 2258 ab
620 2206 763 2257 Delo
785 2203 1072 2256 xxxvm
1092 2200 1229 2252 mill.
1250 2206 1537 2251 marmore
1547 2193 1701 2245 nobi-

90 2282 193 2343 lis,
238 2293 402 2346 quam
427 2276 607 2343 primo
628 2275 883 2333 Platean,
926 2279 1125 2338 postea
1145 2267 1398 2321 Minoida
1417 2269 1701 2315 vocarunt.

91 2351 182 2403 Ab.
202 2363 277 2401 ea
299 2353 508 2412 septem
531 2342 669 2395 mill.
693 2342 1007 2409 quingentis
1030 2339 1245 2397 Naxus,
1283 2351 1318 2386 a
1349 2332 1496 2384 Delo
1519 2328 1703 2385 xvul

65 2434 221 2485 ‘cum
246 2414 475 2482 oppido,
499 2427 661 2480 quam
684 2410 1036 2476 Strongylen,
1059 2402 1188 2459 dein
1212 2404 1382 2463 Dian,
1419 2415 1550 2452 mox
1570 2399 1703 2449 Dio·

88 2486 338 2554 nysiada
360 2499 395 2534 a
412 2480 693 2537 vinearum
717 2478 1032 2537 fertilitate,
1052 2474 1151 2526 alii
1172 2460 1412 2525 Siciliam
1437 2470 1702 2522 minorem
1789 2472 1810 2479 ·

90 2561 196 2608 aut
228 2551 532 2620 Callipolin
572 2549 941 2616 appellarunt.
1012 2544 1177 2602 Patet
1215 2541 1450 2594 circuitu
1488 2542 1704 2603 septua-

71 2626 264 2692 ,ginta
286 2621 532 2690 quinque
547 2619 694 2703 mill...
706 2628 871 2684 pass„
883 2612 1218 2678 dimidioque
1240 2610 1419 2664 maior
1439 2613 1522 2661 est
1540 2618 1704 2687 quam

93 2694 299 2746 Paroa.
472 2726 476 2731 -
