2009 3025
342 134 475 218 282⁶
638 120 679 177 Ψ
725 162 784 215 c.
854 159 1126 215 ΡωΝιι
1195 130 1576 227 sscms’m

344 264 548 385 pfftmoe'
569 263 802 328 Platiae,
826 263 1092 326 Simides,
1110 258 1459 323 Naulochos,
1480 260 1843 325 Armendon,
1860 263 1943 331 Ze·
1999 274 2000 337 ᾗ

463 349 540 386 re.
1317 374 1323 379 .

341 349 379 402 p
412 351 483 454 {t
521 405 580 454 in
615 394 885 463 Hellade,
924 400 1226 453 etiamnum
1266 399 1325 449 in
1366 399 1617 466 Aegaeo,
1655 394 1946 462 Lichades,

350 469 630 537 Searphia‚
673 475 890 531 Caresa,
931 468 1229 530 Phocaria,
1271 468 1700 534 compluresque
1726 469 1876 529 aliae
1893 484 1950 522 ex
1999 494 2000 521 3

228 570 247 583 -ν
352 539 583 592 adverso
601 541 817 592 Atticae
840 539 959 590 sine
981 536 1215 604 oppidis,
1253 542 1312 590 et
1330 535 1458 588 ideo
1478 537 1786 602 ignobiles.
1858 537 1951 589 Sed
1999 546 2000 551 ’

322 642 327 649 -
352 613 548 659 contra
568 609 861 669 Eleusina,
909 606 1063 661 clara
1083 606 1342 658 Salamis:
1378 610 1507 658 ante
1529 620 1650 656 eam
1677 604 1950 672 Psytalia:
1999 606 2000 609 ’

246 728 251 737 ,
322 714 327 719 .
351 690 389 726 a
424 676 600 733 Sunio
636 692 775 728 vero
819 676 1038 727 Helene
1079 677 1318 742 quinque
1358 674 1495 724 mill.
1536 688 1687 739 pass.
1733 675 1950 726 distans.
1999 720 2000 741 ἦ

352 744 502 796 Dein
523 748 662 796 Ceos
685 747 754 797 ab
778 761 847 797 ea
865 743 1129 805 totidem,
1169 758 1332 809 quam
1356 743 1536 793 nostri
1554 742 1795 810 quidam
1817 744 1951 795 dixe-
1999 766 2000 775 ¹

351 828 415 864 re
437 816 627 875 Ceam,
665 813 864 866 Graeci
900 819 957 864 et
992 813 1361 878 Hydrussam.
1430 810 1640 862 Avulsa
1681 812 1950 873 Euboeae,
1999 820 2000 833 ¹

354 883 667 949 quingentis
685 884 852 950 longa
870 881 1066 932 stadiis
1088 880 1193 930 fuit
1216 878 1517 945 quondam:
1554 894 1694 930 mox
1725 888 1950 948 quatuor

353 950 475 1003 fere
499 952 777 1018 partibus,
820 965 958 1019 quae
980 949 1049 1000 ad
1074 949 1364 999 Boeotiam
1386 949 1727 1019 vergebant,
1769 951 1947 1000 eodem

353 1018 495 1071 mari
532 1020 831 1081 devoratis,
871 1018 1075 1086 oppida
1110 1014 1278 1068 habet
1303 1017 1546 1083 ‚reliqum
1584 1016 1796 1080 Iulida,
1835 1020 1948 1069 Car·

352 1087 574 1139 thaeam
599 1104 612 1138 ε
667 1087 998 1139 intercidere
1039 1087 1334 1146 Coressus,
1367 1085 1659 1137 Poeeessa.
1739 1087 1829 1137 Ex
1863 1084 1948 1136 hac
1999 1110 2000 1119 1

393 1153 662 1206 rofectam
695 1155 1076 1209 delicatiorem
1108 1152 1330 1206 feminis
1364 1159 1600 1216 vestem,
1637 1160 1844 1207 auctor
1873 1157 1946 1207 est

408 1236 554 1273 arro.

423 1289 572 1342 XXI.
608 1292 838 1343 Euboea
859 1297 916 1344 et
935 1291 1061 1359 ipsa
1079 1292 1271 1344 avulsa
1286 1290 1580 1353 Boeotiae,
1599 1296 1728 1344 tam
1747 1291 1944 1343 modico
1999 1298 2000 1311 ¹

312 1400 317 1403 .
353 1357 712 1412 interfluente
732 1362 973 1427 Euripo„
1011 1368 1078 1413 ut
1108 1368 1279 1428 ponte
1317 1362 1610 1428 iungatur:
1648 1375 1691 1412 a
1727 1360 1944 1413 meridie

312 1470 316 1476 .
355 1430 754 1495 promontoriis
777 1429 1010 1493 duobus,
1032 1431 1302 1483 Geraesto
1317 1429 1395 1481 ad
1409 1431 1647 1481 Atticam
1672 1437 1946 1497 vergente,
1999 1460 2000 1481 ἢ

312 1541 317 1546 .
355 1498 427 1552 ad
447 1498 877 1566 Hellespontum
900 1498 1190 1567 Caphareo
1221 1499 1489 1568 insignis:
1526 1514 1563 1551 a
1604 1499 1949 1564 septemtrio·

355 1582 448 1629 ne,
474 1570 726 1621 Cenaeo:
764 1583 1033 1634 nusquam
1057 1568 1412 1621 latitudinem
1432 1569 1587 1620 ultra
1615 1567 1726 1619 XL
1746 1568 1827 1622 Μ.
1847 1582 1953 1634 pas·

355 1650 515 1687 suum
538 1635 805 1698 extendit,
828 1652 1094 1702 nusquam
1117 1637 1271 1689 intra
1291 1637 1399 1689 duo
1422 1638 1499 1689 M.
1522 1635 1848 1689 contrahit:
1870 1635 1953 1689 sed

353 1706 419 1755 in
438 1705 844 1772 longitudinem
865 1708 1158 1757 universae
1175 1705 1461 1767 Boeotiae,
1483 1706 1550 1756 ab
1576 1705 1776 1757 Attica
1794 1704 1954 1757 Thes·

356 1773 553 1825 saliam
575 1789 784 1841 usque,
828 1778 1125 1839 praetenta
1145 1772 1205 1825 in
1236 1773 1329 1826 CL
1359 1773 1496 1825 mill.
1531 1788 1682 1840 pass.
1717 1773 1955 1826 circuitu

312 1883 321 1890 .
354 1857 490 1894 vero
509 1848 767 1896 trecenta
794 1841 1084 1910 sexaginta
1116 1842 1374 1909 quinque.
1445 1843 1618 1896 Abest
1659 1842 1733 1894 ab
1775 1842 1959 1894 Helle·
1999 1871 2000 1874 =

357 1916 563 1977 sponto
585 1916 745 1976 parte
769 1910 1042 1976 Capharei
1062 1909 1306 1964 CCXXV
1327 1910 1464 1962 mill.
1484 1925 1748 1977 passuum
1762 1946 1781 1973 ‚
1822 1911 1957 1964 urbi·

315 2019 323 2029 .
355 1979 458 2030 bus
480 1978 636 2030 clara
656 1977 958 2042 quondam,
996 1978 1230 2047 Pyrrha,
1251 1978 1548 2041 Porthmo,
1570 1978 1753 2042 Neso,
1779 1980 1960 2032 Cerin-

323 2061 327 2068 ’
354 2045 477 2107 tho,
496 2047 662 2106 Creu,
683 2046 815 2109 Dio,
836 2048 1106 2115 Aedepso‚
1128 2049 1301 2113 Ocha,
1324 2046 1614 2102 Oechalia:
1638 2064 1796 2101 nunc
1809 2047 1956 2101 Chal·

358 2114 496 2176 cide,
519 2113 673 2164 cuius
695 2128 763 2165 ex
785 2115 1018 2168 adverso
1037 2119 1098 2168 in
1122 2117 1602 2171 continentiAulis
1618 2122 1735 2169 est:
1762 2118 1956 2170 Gerae·

320 2227 325 2232 .
355 2189 462 2243 sto,
487 2181 723 2243 Eretria,
744 2183 1005 2253 Carysto,
1027 2186 1282 2248 oritano,
1304 2187 1624 2248 ArtemisiO,
1646 2185 1817 2238 fonte
1835 2188 1956 2238 Are·

357 2250 541 2311 thoes,
562 2247 788 2320 flumine
807 2253 1069 2316 Lelanto,
1090 2255 1357 2322 aquisque
1378 2255 1599 2317 calidis,
1643 2269 1795 2322 quae
1816 2254 1963 2307 Ello·

355 2318 480 2385 piae
501 2326 789 2383 vocantur,
807 2322 1038 2380 nobilis:
1075 2324 1267 2377 notior
1282 2330 1468 2376 tamen
1490 2325 1775 2376 marmore
1794 2326 1960 2391 Cary-

353 2385 485 2465 stio·
557 2389 733 2442 Antea
753 2393 1003 2443 vocitata
1023 2398 1110 2444 est
1129 2377 1505 2458 Chalcodotis,
1528 2397 1627 2444 aut
1647 2394 1886 2456 Macris,
1904 2399 1960 2443 ut

270 2485 275 2494 ‚
302 2477 315 2486 -
357 2454 657 2521 Dionysius
677 2464 734 2510 et
756 2458 1008 2527 Ephorus
1028 2459 1286 2514 tradunt:
1323 2469 1387 2513 ut
1406 2462 1708 2527 Aristides,
1737 2461 1955 2515 Macra:

356 2524 420 2571 ut
441 2523 802 2590 Callidemus,
828 2525 1072 2591 Chalcis,
1104 2543 1234 2592 aere
1253 2530 1331 2583 ibi
1355 2529 1591 2598 primum
1608 2537 1871 2599 reperto:
1904 2535 1960 2584 ut

360 2588 770 2658 Menaechmus,
790 2596 1083 2650 Abantias:
1118 2603 1186 2651 ut
1205 2596 1416 2654 Poetae
1437 2598 1626 2669 vulgo,
1647 2601 1877 2669 Asopis.

372 2727 375 2728 γ
428 2656 605 2734 xxa,
640 2662 818 2717 Extra
836 2677 957 2719 eam
974 2664 1035 2720 ln
1053 2664 1549 2734 Myrtootmultaffi
1589 2668 1691 2724 sed
1720 2670 1962 2740 maxime
