2009 3025
347 150 465 216 322'
745 163 808 216 c.
875 158 1152 215 Pmsu
1219 154 1599 212 saeuum

346 263 530 317 cuitus
551 263 685 316 xlx
704 263 786 316 M.
807 278 1073 331 passuum
1096 268 1200 324 est,
1235 260 1386 312 intra
1403 258 1713 328 Palaetyro
1741 263 1965 317 inclusa.

344 333 626 402 Oppidum
647 334 827 400 ipsum
851 333 1009 384 xxu
1031 331 1217 382 stadia
1236 330 1467 383 obtinet.
1539 329 1682 382 lnde
1703 329 1963 398 Sarepta,

328 396 404 455 'et
425 400 700 453 Ornithon
720 401 951 479 oppidaz
990 405 1049 453 et
1080 398 1256 452 Sidon
1293 397 1506 451 artifex
1531 398 1692 462 vitri,
1736 399 1958 452 Theba·

343 485 576 537 rumque
606 470 970 522 Boeotiarum
1010 483 1223 538 parens.
1273 469 1335 521 A
1356 473 1515 536 tergo
1540 467 1668 519 eius
1686 483 1862 520 mons
1882 468 1964 520 Li·

344 540 524 592 banus
547 554 724 603 orsus,
734 536 890 591 mille
911 537 1229 607 quingentis
1249 535 1451 589 stadiis
1474 534 1773 604 Simyram
1793 553 1962 606 usque

346 610 682 676 porrigitur,
720 621 831 675 qua
870 607 1038 659 Coele
1079 604 1247 676 Syria
1285 620 1352 657 co
1394 606 1743 657 nominatur.
1822 607 1963 660 Huic
1995 632 1996 669 3

345 691 470 746 par,
492 678 901 745 interveniente
920 675 1087 738 valle,
1126 689 1285 726 mons
1305 690 1341 726 a
1382 688 1576 726 versus
1598 673 1962 728 Antilibanus
1995 678 1996 733 ζ

280 774 284 783 ‚
348 746 675 799 obtenditur
713 745 991 814 quondam
1030 758 1191 797 muro
1229 743 1577 815 coniunctus.
1647 741 1806 796 Post
1845 760 1960 811 eum

346 814 621 867 introrsus
642 814 1048 880 Decapolitana
1064 812 1220 880 regio
1245 816 1348 874 est,
1369 810 1820 881 praedictaeque
1841 823 1958 865 cum

348 899 420 937 ea
439 880 774 936 tetrarchiae
787 918 803 945 ,
822 887 882 935 et
899 882 1254 934 Palaestinae
1275 886 1400 934 tota
1419 881 1650 933 laxitas,
1684 883 1770 935 At
1789 883 1847 933 in
1859 896 1960 935 ora

349 952 652 1004 etiamnum
672 951 922 1004 subiecta
940 951 1175 1012 Libano,
1216 947 1415 1022 fluvius
1433 948 1711 1018 Magoras
1723 968 1743 1001 ε
1785 951 1954 1019 Bery-

345 1026 440 1074 tus
460 1021 716 1081 colonia,
757 1037 900 1088 quae
920 1019 1081 1072 Felix
1112 1018 1257 1071 lulia
1297 1018 1637 1086 appellatur.
1713 1018 1957 1073 Leontos
1995 1042 1996 1063 ι

349 1089 641 1154 oppidum:
676 1087 884 1142 flumen
907 1088 1122 1156 Lycos:
1167 1086 1564 1156 Palaebyblos:
1586 1086 1804 1141 flumen
1822 1090 1954 1142 Ado-

346 1157 452 1206 nis.
525 1156 778 1222 Oppida:
813 1157 1049 1225 Byblos,
1071 1158 1297 1224 Botrys,
1319 1157 1580 1224 Gigarta,
1601 1158 1844 1222 Trieris,
1864 1159 1953 1211 ea·
1995 1208 1996 1211 ,

345 1218 564 1289 lamus:
611 1223 890 1290 Tripolis,
932 1240 1100 1292 quam
1120 1227 1281 1293 Tyrii
1310 1230 1369 1278 et
1399 1225 1625 1278 Sidonii
1663 1232 1731 1281 et
1770 1225 1950 1280 Aradii

349 1291 618 1345 obtinent.
690 1290 980 1356 Orthosia,
1035 1294 1373 1347 Eleutheros
1405 1294 1630 1347 flumen.
1706 1295 1946 1363 Oppida:

348 1358 590 1427 Simyra,
611 1359 927 1426 Marathos,
949 1371 1252 1435 contraque
1272 1363 1487 1416 Arados
1509 1370 1734 1431 septem
1757 1365 1950 1417 stadio·
1995 1380 1996 1413 ὲ

349 1429 835 1567 Ξῗζῖαῖξνωιῖῗςῗὲ
852 1432 1954 1570 ffiffiffzffissssssffl332222233¹²m⁶⁰m0¹¹²⁰
1995 1468 1996 1471 ‘

572 1539 586 1553 .
848 1538 868 1564 ,
1239 1541 1242 1546 ·
1809 1559 1812 1560 a
1887 1559 1890 1560 a

349 1576 425 1631 et,
447 1569 903 1624 interiacentibus
926 1568 1453 1640 campis,'Bargylus
1473 1587 1633 1625 mons
1654 1573 1883 1642 incip}-
1995 1579 1996 1614 ἒ

418 1637 619 1694 xvlu.
656 1639 802 1691 Hinc
839 1655 1034 1692 rursus
1073 1639 1271 1708 Syria,
1333 1641 1621 1694 desinente
1657 1640 1956 1697 Phoenice.
1995 1693 1996 1700 ,

281 1710 284 1712 ’
349 1707 603 1774 Oppida:
646 1710 840 1773 Carne,
862 1709 1131 1773 Balanea,
1151 1710 1338 1761 Paltos
1353 1745 1369 1771 ‚
1411 1710 1655 1764 Gabale:
1691 1727 1956 1779 promon-

349 1777 573 1840 torium,
593 1779 649 1829 in
670 1793 778 1846 quo
797 1778 1081 1831 Laodicea
1097 1778 1309 1831 libera:
1333 1777 1642 1847 Diospolis,
1663 1782 1961 1846 Heraclea,

307 1845 316 1851 “
347 1842 1000 1911 Charadrus,Posidium.
1036 1847 1254 1900 Deinde
1275 1851 1724 1914 promontorium
1751 1852 1958 1917 Syriae

284 1967 292 1974 ,
347 1913 691 1966 Antiochiae.
762 1916 917 1968 lutus
937 1917 1059 1982 ipsa
1074 1916 1366 1968 Antiochia
1384 1916 1586 1980 libera,
1602 1918 1962 1987 Epidaphnes

351 1982 763 2049 cognominata,
800 1986 1016 2037 Oronte
1038 2001 1196 2037 amne
1217 1985 1513 2039 dividiture
1551 1989 1611 2038 in
1633 1998 1958 2055 promonto-

348 2052 436 2104 rio
460 2057 642 2102 autem
665 2050 921 2106 Seleucia
942 2055 1137 2118 libera,
1161 2052 1344 2107 Pieria
1369 2056 1674 2122 appellata.

264 2132 268 2136 ·
421 2118 600 2184 Super
619 2133 740 2169 eam
764 2135 920 2175 mons
942 2123 1136 2175 eodem
1151 2158 1168 2186 ,
1209 2138 1318 2191 quo
1341 2123 1488 2176 alius
1503 2161 1522 2188 ,
1564 2129 1818 2190 nomine,
1862 2128 1958 2181 Cn-

348 2185 484 2239 sius.
539 2186 707 2238 Cuius
726 2191 949 2244 excelsa
966 2192 1209 2245 altitudo
1225 2198 1432 2260 quarta
1451 2193 1649 2261 vigilia
1670 2200 1960 2250 >orientem

352 2260 451 2321 per
470 2254 727 2307 tenebras
748 2258 936 2313 Solem
955 2261 1223 2328 adspicit,
1265 2263 1421 2315 brevi
1453 2262 1798 2318 circumactu
1845 2282 1961 2319 eor-

342 2323 706 2446 {33:253}ssss
723 2331 1636 2467 esaqssfflmssetassssssz
1655 2335 1960 2455 emam

342 2433 347 2442 ,
942 2434 956 2449 ο
1109 2436 1138 2449 ον
1235 2437 1247 2451 o
1944 2439 1959 2467 ἲ

228 2456 235 2476 ³
344 2459 437 2516 lv.
472 2460 543 2512 At
565 2462 623 2513 in
645 2458 745 2516 ora
758 2466 938 2517 amnis
958 2468 1219 2530 Orontes,
1241 2474 1403 2520 natus
1425 2470 1575 2521 inter
1596 2470 1882 2524 Libanum
1908 2479 1958 2526 et

347 2529 730 2583 Antilibanum
767 2535 924 2585 iuxta
960 2535 1303 2603 Heliopolin.
1375 2538 1650 2604 Oppidum
1692 2540 1958 2595 Rhosos:

348 2601 408 2648 et
427 2612 461 2647 a
481 2603 638 2665 tergo
661 2598 880 2663 Portae,
892 2617 1038 2668 quae
1062 2602 1260 2672 Syriae
1280 2607 1661 2673 appellantur,
1682 2609 1956 2672 interval·

346 2664 406 2716 lo
429 2664 763 2721 Rhosiorum
795 2671 1065 2723 montium
1099 2680 1158 2725 et
1182 2676 1377 2758 Tauri.
1446 2676 1508 2728 ln
1550 2691 1666 2729 ora
1686 2679 1957 2745 oppidum
