2009 3025
13 447 24 628 2flss-ff5f..

325 167 629 259 wiron.
672 203 1019 260 fflsToR.
1067 201 1237 259 121ss.
1276 205 1363 257 u.
1397 200 1621 253 97—99.
1688 197 1790 251 211

184 302 384 370 fluunt,
423 308 619 374 bisque
662 315 945 371 remeant,
981 308 1194 362 vicenis
1228 303 1618 374 quaternisque
1650 316 1791 353 sem-
1877 289 1883 293 ’

184 392 285 458 per
308 376 482 429 horis.
521 377 596 429 Et
629 378 868 444 primum
900 378 1198 430 attollente
1235 390 1296 427 se
1337 387 1460 424 cum
1488 385 1555 422 ea
1584 371 1791 422 mundo

181 453 640 508 intumescentes,
675 461 805 498 mox
836 463 871 499 a
891 446 1202 499 meridiano
1235 442 1376 497 caeli
1392 440 1641 506 fastigio
1671 454 1793 489 ver-

183 522 351 583 gente
377 517 436 566 in
470 530 726 570 occasum
762 515 1101 568 residentes:
1145 526 1448 578 rursusque
1489 508 1558 559 ab
1591 522 1789 558 occasu

184 587 377 636 subter
394 585 535 636 caeli
556 585 684 646 ima,
716 590 774 636 et
789 585 1103 638 meridiano
1136 581 1434 639 contraria,
1469 576 1788 636 accedente,

116 674 145 686 ··
172 654 545 710 inundantes:
579 653 708 704 hinc
744 653 922 706 donec
938 653 1145 705 iterum
1180 652 1486 709 exoriatur,
1524 662 1584 697 se
1606 659 1787 696 resor-

183 724 399 774 bentes.
471 721 590 775 Nec
630 737 873 788 unquam
916 723 1111 775 eodem
1145 728 1416 786 tempore,
1458 729 1568 783 quo
1591 713 1791 781 pridie,

185 790 379 854 reflui3
423 798 486 842 ut
514 790 816 843 ancillante
845 791 1047 852 sidere,
1076 788 1444 855 trahenteque
1463 798 1649 837 secum
1674 784 1789 832 avi·-

189 861 261 912 do
293 860 502 912 haustu
539 860 734 921 maria,
775 868 833 912 et
873 858 1096 911 assidue
1116 856 1359 918 aliunde,
1400 868 1563 923 quam
1595 851 1794 918 pridie,

188 930 501 982 exoriente:
544 929 786 996 paribus³
804 936 993 981 tamen
1021 924 1334 980 intervallis
1362 922 1662 990 reciproci,
1706 935 1792 970 se-

131 1063 140 1068 ι
189 1000 386 1065 nisque
414 1012 633 1064 semper
661 996 847 1062 horis,
887 1013 996 1050 non
1032 997 1293 1062 cuiusque
1324 994 1438 1047 diei
1466 999 1562 1043 aut
1594 990 1794 1048 noctis,

170 1075 288 1124 aut
319 1069 446 1131 loci,
478 1067 579 1120 sed
613 1066 1138 1135 aequinoctialibus:
1201 1064 1438 1130 ideoque
1477 1059 1798 1125 inaequales

171 1136 504 1205 -m1garium
544 1135 807 1187 horarum
848 1137 1053 1201 spatio,
1081 1140 1360 1201 utcunque
1398 1133 1582 1198 plures
1621 1131 1681 1178 in
1703 1141 1798 1177 eas

194 1214 293 1259 aut
338 1206 456 1258 diei
490 1213 594 1274 aut¹
626 1206 808 1257 noctis
856 1206 1082 1256 illarum
1122 1216 1411 1254 mensurae
1455 1200 1698 1256 cadunt,
1743 1202 1801 1246 et

195 1274 554 1343 aequinoctio
586 1280 800 1324 tantum
826 1288 989 1339 pares
1017 1273 1239 1338 ubique.
1292 1270 1491 1337 Ingens
1512 1281 1800 1335 argumen-

194 1342 313 1398 tum
329 1380 346 1405 ,
382 1343 711 1410 plenumque
730 1342 869 1393 lucis
890 1357 957 1393 ac
979 1342 1135 1404 vocis
1157 1340 1326 1396 etiam
1347 1338 1597 1402 diurnae,
1629 1332 1795 1383 hebe-

193 1422 279 1468 tes
299 1428 444 1475 esse,
473 1414 581 1479 qui.
608 1417 810 1479 negent
851 1411 1230 1461 subtermeare
1270 1406 1476 1465 sidera,
1516 1418 1591 1470 ac·
1610 1415 1800 1454 rursus

171 1483 393 1541 ,eadem
416 1494 734 1550 resurgere:
776 1478 1126 1545 similemque
1164 1475 1359 1536 terris,
1387 1474 1501 1523 imo
1517 1484 1650 1522 vero
1674 1469 1796 1520 uni-

196 1568 394 1608 ver-sae
425 1557 657 1610 naturae
689 1546 890 1602 exinde
912 1545 1131 1605 faeiem,
1163 1545 1221 1595 in
1240 1541 1438 1594 iisdem
1460 1545 1616 1590 ortus
1647 1553 1800 1590 occa-

125 1666 140 1680 ,
174 1637 404 1690 susque
440 1619 734 1687 operibus:
767 1631 874 1667 non
906 1614 1073 1666 aliter
1103 1613 1204 1663 sub
1227 1619 1382 1664 terra
1404 1606 1699 1660 manifesto
1722 1607 1796 1655 si-

201 1692 358 1747 deris
382 1705 567 1754 cursu,
610 1687 794 1740 aliove
824 1681 1045 1748 effectu,
1080 1695 1244 1749 quam
1274 1693 1397 1731 cum
1426 1682 1649 1744 praeter
1675 1689 1800 1726 ocu-

199 1762 286 1814 los
309 1765 533 1813 nostros
552 1758 784 1810 feratur.

267 1828 576 1895 Multiplex
597 1827 901 1893 etiamnum
924 1822 1134 1876 lunaris
1154 1817 1500 1878 differentia,
1539 1816 1802 1882 primum-

201 1915 311 2020 que
345 1897 590 1964 septenis
624 1895 833 1948 diebus.
893 1894 1110 1959 Quippe
1143 1888 1349 1942 modici
1380 1901 1524 1939 nova
1561 1884 1633 1934 ad
1667 1882 1830 1932 divi-.

239 1983 371 2020 uam
402 1972 619 2035 aestus,
665 1965 939 2032 pleniores
987 1962 1059 2013 ab
1098 1975 1166 2014 ea
1194 1955 1496 2021 exundant,
1533 1954 1807 2021 plenaque

198 2037 446 2090 maxime
482 2035 726 2091 fervent.
767 2032 904 2085 Inde
934 2032 1246 2083 mitescunt.
1283 2027 1483 2097 ,Pares
1525 2021 1597 2073 ad
1638 2019 1831 2085 septi-h

200 2122 351 2160 mam
382 2105 616 2172 primisz·
652 2104 963 2168 iterumque
1001 2100 1114 2152 alio
1137 2100 1322 2153 latere,
1351 2092 1577 2160 dividua
1607 2103 1809 2161 augen-

202 2184 318 2236 tur.
363 2174 444 2235 sln„
472 2173 622 2225 coitu
644 2171 792 2233 Solis
816 2185 978 2238 pares
1011 2169 1229 2236 plenae.
1263 2162 1472 2229 Eadem
1495 2156 1811 2229 Aquilonia,

203 2253 262 2298 et
280 2261 317 2297 a
335 2241 749 2310 teri-‚islongius
781 2239 1075 2292 recedente
1095 2236 1364 2294 mitiores,
1405 2243 1571 2296 quam
1602 2240 1725 2279 cum
1753 2227 1810 2275 in

204 2320 434 2377 austros
471 2312 752 2380 digressa,
792 2307 1055 2376 propiore,
1085 2306 1207 2357 nisu
1239 2302 1367 2365 vim·
1390 2312 1544 2350 suam
1569 2300 1809 2349 exercet.

202 2383 312 2441 Per
337 2388 568 2435 octonos
591 2394 811 2449 quoque
831 2390 1004 2431 annos
1028 2374 1098 2427 ad
1129 2368 1405 2440 principia
1426 2371 1611 2417 motus
1633 2372 1690 2416 et
1712 2377 1807 2428 pa-

204 2455 293 2506 ria
313 2454 658 2511 incrementa
686 2446 989 2501 centesimo
1011 2445 1206 2497 Lunae
1229 2442 1560 2493 revocantur
1580 2432 1810 2489 ambitu,

141 2523 148 2529 '
207 2528 456 2590 augente
475 2525 775 2581 eacunctax
801 2514 948 2568 Solis
963 2513 1159 2564 annuis
1170 2507 1376 2568 causis,
1397 2504 1610 2556 duobus
1624 2502 1809 2569 aequi-

206 2591 411 2643 noctiis
451 2588 690 2640 maxime
730 2589 1007 2637 tumentes
1031 2617 1046 2643 ,
1087 2586 1145 2632 et
1184 2574 1496 2631 autumnali
1536 2571 1809 2638 amplius,

208 2675 373 2726 quam
396 2673 569 2710 verno
591 2674 604 2707 ε
645 2656 837 2707 inanes
855 2666 987 2705 vero
1010 2651 1225 2710 bruma,
1266 2652 1323 2698 et
1344 2643 1521 2710 magis
1543 2640 1808 2693 solstitio.

208 2728 334 2793 Nec*
347 2736 537 2783 tamen
568 2726 625 2777 in
657 2724 811 2792 ipsis,
852 2734 991 2791 quos
1015 2718 1154 2785 dixi,
1183 2724 1493 2835 temgogum
1524 2708 1809 2761 articulisz

1394 2906 1423 2917 u-
