2009 3025
271 188 578 243 NATUR.
614 188 957 243 His'roR.
992 190 1154 244 LIB.
1187 190 1294 245 lv.
1323 190 1547 245 32-34.
1615 193 1717 247 297

98 307 239 344 num
262 286 741 357 septemtrionalis
765 293 1051 355 Oceanus,
1089 293 1236 345 inter
1266 290 1515 356 Rhenum
1549 300 1606 346 et
1627 291 1721 348 Se-

98 375 352 427 quanam
378 362 731 413 Britannicus
745 397 761 423 ,
780 363 927 413 inter
949 378 1074 414 eum
1094 369 1153 414 et
1174 364 1523 432 Pyrenaeum
1548 363 1721 415 Galli-

100 445 226 481 eus.
299 429 523 482 Insulae
547 431 862 497 complures
882 430 1225 484 Venetorum
1243 468 1261 495 ,
1304 447 1444 498 quae
1463 438 1521 484 et
1540 433 1722 489 Veno-

95 499 253 552 tinae
275 500 645 565 appellantur,
668 508 725 551 et
748 503 804 551 in
825 503 1158 566 Aquitanico
1181 502 1308 556 sinu
1330 501 1568 553 Uliarus.

169 567 436 621 XXXlV.
473 572 518 622 A
545 569 821 637 Pyrenaei
852 572 1237 636 promontorio
1270 571 1551 637 Hispania
1590 568 1724 621 inci·

97 636 203 704 pit,
230 640 520 704 angustior
544 654 654 691 non
679 639 865 690 Gallia
886 640 1077 701 modo,
1116 654 1305 691 verum
1331 633 1500 692 etiam
1519 645 1722 690 semet-

97 708 249 772 ipsa,
291 711 356 756 ut
375 707 618 758 diximus
637 744 652 770 ,
691 709 1022 760 immensum
1049 715 1311 776 quantum
1331 707 1460 760 hine
1482 710 1726 771 Oceann,

92 776 265 832 illinc
286 777 496 830 iherico
521 778 662 828 mari
694 780 1207 843 comprimentibus.
1279 778 1408 845 Ipsa
1446 775 1727 845 Pyrenaei

92 845 240 912 iuga
265 846 335 896 ab
358 852 555 897 exortu
577 847 978 913 aequinoctiali
999 846 1128 898 fusa
1148 848 1208 898 in
1233 862 1487 898 occasum
1503 845 1725 897 brumae

92 915 120 967 1
156 930 234 976 m,
245 915 529 967 breviores
557 916 732 969 latere
754 913 1203 982 septemtrionali
1227 925 1389 983 quam
1414 915 1725 968 meridiano

159 985 410 1048 ispanias
431 984 665 1036 faciunt.
738 985 1001 1037 Proxima
1029 1001 1128 1037 ora
1152 987 1427 1037 citerioris
1450 990 1561 1049 est,
1583 985 1727 1035 eius-

98 1054 345 1119 demque
365 1054 806 1107 Tarraconensis
828 1057 1013 1106 situst·
1036 1071 1070 1108 a
1100 1055 1389 1122 Pyrenaei)
1426 1070 1525 1121 per
1564 1068 1725 1106 ocea-

95 1136 251 1182 num,
280 1122 597 1175 Vasconum
643 1123 846 1175 saltusz
891 1124 1120 1177 Oiarsox
1160 1124 1529 1175 vardulorum
1573 1123 1726 1189 oppi-

99 1189 201 1242 daz
246 1191 517 1259 Morosgi,
540 1195 822 1255 Menosca,
854 1194 1172 1260 Vesperies,
1216 1195 1480 1245 Amanum
1506 1200 1724 1259 portus,

99 1258 202 1311 ubi
235 1275 381 1310 nunc
403 1261 762 1328 Flaviobriga
785 1262 1022 1315 colonia.
1098 1264 1401 1315 Civitatum
1447 1263 1523 1313 IX
1563 1262 1751 1328 regio„

71 1330 534 1392 ’Cantabrorum,
557 1329 759 1380 flumen
784 1330 990 1388 Sanda,
1031 1339 1224 1394 portus
1246 1330 1533 1382 Victoriae
1554 1330 1724 1381 Iulios·

96 1397 467 1462 brigensium.
539 1399 619 1448 Ab
664 1412 731 1449 eo
774 1395 899 1445 loco
942 1395 1131 1447 fontes
1172 1399 1318 1450 lberi
1357 1397 1725 1463 quadraginta

95 1465 285 1519 millia
308 1481 585 1532 passuum.
659 1466 865 1518 Portus
884 1462 1199 1516 Blendium.
1272 1464 1668 1532 Orgenomesci
1691 1479 1725 1518 ο

96 1537 425 1603 Cantabris.
497 1534 702 1586 Portus
724 1549 920 1586 eorum
941 1533 1305 1585 Vereasueca.
1364 1534 1535 1600 Regio
1561 1536 1724 1593 Astu,-

92 1614 249 1667 rum,
266 1604 464 1670 Noega
484 1588 774 1671 oppidum:
798 1602 853 1653 in
876 1602 1184 1668 peninsula,
1206 1600 1441 1652 Paesici.
1479 1604 1552 1654 Et
1574 1603 1726 1654 dein·-

94 1675 170 1737 βε
189 1674 503 1731 ,conivefitus
527 1672 814 1734 Lucensis,
836 1688 871 1724 a
890 1670 1117 1722 flumine
1138 1671 1725 1733 Navilubione,‘Cibar·

96 1746 169 1804 ei,
190 1743 490 1809 Egovarri‘
512 1743 834 1809 cognomine
866 1739 1173 1803 Namarini,
1211 1739 1423 1801 ladoni,
1466 1740 1722 1791 Arrotre-

94 1812 231 1873 bae‘,
253 1812 700 1877 promontorium
715 1804 1010 1862 Celticum.
1047 1813 1275 1862 Amnes:
1298 1809 1545 1870 Florius,
1559 1808 1723 1859 Nelo.

98 1881 310 1934 Celtici
331 1882 666 1947 cognomine
688 1879 909 1941 Neriae,
946 1882 1221 1945 superque
1247 1879 1549 1940 Tamarici,
1592 1891 1726 1944 quo·

95 1965 230 2003 rum
257 1952 313 2000 in
336 1950 633 2015 peninsula
656 1956 772 2001 tres
810 1964 943 2001 arae
974 1949 1264 2001 Sestianae
1284 1950 1531 2016 Augusto
1570 1946 1724 1996 dica-

94 2026 231 2071 tae:
298 2020 500 2085 Copori
515 2055 533 2082 ,
576 2019 835 2085 oppidum
876 2017 1071 2070 Noela.
1145 2018 1344 2087 Celtici
1386 2015 1722 2084 cognomine
1774 2026 1781 2035 ·

91 2087 508 2150 Praesamarci,
529 2088 723 2139 Cileni.
794 2089 878 2139 Ex
897 2089 1099 2139 insulis
1119 2088 1517 2146 nominandae,
1540 2083 1722 2137 Cotti·
1766 2122 1773 2129 .

96 2163 257 2219 eata,
279 2162 339 2208 et
357 2157 582 2207 Aunios.
649 2158 693 2208 A
716 2157 938 2217 Cilenis,
959 2163 1258 2223 conventus
1278 2154 1723 2215 Bracarum,He·

93 2226 251 2287 leni,
293 2225 516 2287 Gr‘avii,
557 2227 850 2278 castellum
888 2226 1081 2292 Tyde,
1122 2226 1460 2276 Graecorum
1490 2212 1718 2276 §obolis

95 2295 312 2349 omnia.
382 2294 603 2346 Insulae
646 2296 827 2346 Cicae.
901 2295 1118 2361 insigne
1143 2295 1401 2359 oppidum
1426 2290 1721 2355 Abobrica,

89 2364 319 2417 Minius
349 2365 545 2426 amnis,
587 2362 666 2413 IV
703 2363 781 2413 M.
822 2367 968 2429 pas‘s.
1013 2378 1110 2413 ore
1151 2362 1447 2427 spatiosus.
1520 2360 1720 2421 Leuni,

94 2431 328 2487 Seurbi.
399 2433 703 2485 Bracarum
744 2431 1005 2498 oppidum
1047 2433 1326 2497 Augusta,
1364 2444 1503 2494 quos
1547 2427 1721 2495 supra

94 2501 424 2557 Gallaecia.
494 2501 745 2562 Flumen,
767 2500 976 2550 Limia:
1019 2499 1225 2549 Durius
1243 2499 1424 2549 amnis
1446 2497 1717 2549 ex.maxi·

93 2572 210 2623 mis
232 2569 559 2635 Hispaniae,
602 2576 760 2620 ortus
782 2569 844 2619 in
863 2566 1297 2628 Pelendonibus,
1341 2574 1399 2618 et
1427 2569 1588 2618 iuxta
1608 2567 1719 2618 Nu·

91 2639 373 2694 mantiam
394 2639 601 2706 lapsus,
627 2639 753 2690 dein
775 2652 874 2705 per
893 2638 1169 2687 Arevacos
1182 2634 1584 2702 Vaccaeosque,
1610 2636 1721 2684 dis·

92 2710 423 2781 terminatis
456 2711 524 2763 ab
551 2708 774 2762 Asturia
802 2704 1169 2770 Vettonibus,
1208 2719 1244 2758 a
1274 2705 1568 2759 Lusitania
1586 2704 1721 2756 Gal·
1741 2746 1753 2754 .
