2009 3025
266 100 376 155 360
671 101 729 152 e.
766 64 1047 155 PmNn
1083 98 1462 152 sucum„

272 204 344 259 de
366 218 499 269 gens
520 202 791 265 Andarae,
816 203 1071 269 plurimis
1097 203 1247 265 vicis,
1267 200 1428 254 XXX
1452 201 1702 268 oppidis,
1746 215 1881 269 quan

272 275 442 324 muris
464 273 814 338 turribusque
840 275 1183 334 muniuntur,
1223 273 1346 339 regi
1368 273 1598 336 praebet
1632 271 1881 337 peditum

272 342 409 393 cM.
433 344 675 407 equitum
699 341 839 403 ΜΜ,
879 340 1203 408 elephantos
1223 341 1304 393 M.
1373 340 1735 392 Fertilissimi
1758 344 1886 407 sunt

256 413 390 467 ,auri
416 410 655 473 Dardae,
683 410 850 463 Setae
876 425 1008 462 vero
1034 410 1278 477 argenti:

341 479 449 531 Sed
474 481 717 534 omnium
742 481 796 529 in
816 479 978 531 lndia
999 495 1201 546 prope,
1241 493 1350 543 non
1369 479 1532 530 modo
1555 478 1612 529 in
1643 476 1755 530 hoc
1776 486 1884 531 tra·

272 555 383 617 ctu,
408 553 717 614 potentiam
741 549 1163 615 claritatemque
1186 547 1524 599 antecedunt
1545 547 1747 609 Prasii,
1770 564 1882 598 am-

186 658 193 661 .
267 617 518 683 plissima
540 619 673 669 urbe
696 617 1082 685 ditissimaque
1104 616 1464 675 Palibothra:
1488 616 1633 685 unde
1657 617 1886 682 quidam

179 714 185 721 .
267 687 691 752 ipsam.gentem
717 686 1070 738 Palibothros
1109 693 1345 747 vocant,
1384 687 1552 735 immo
1596 701 1738 737 vero
1779 693 1886 737 tra·

208 800 211 803 .
270 762 416 806 ctum
441 757 756 807 universum
781 771 814 806 a
832 756 1041 822 Gange.
1113 756 1249 820 Regi
1273 769 1464 805 eor-um
1489 753 1744 820 peditum
1765 769 1881 806 sex-

269 831 431 876 centa
452 825 531 876 M.
555 827 805 895 equitum
825 824 982 876 XXX
1001 826 1079 875 M.
1107 823 1527 889 elephantorum
1566 823 1647 873 IX
1684 820 1767 874 M.
1789 818 1886 891 pei*

271 909 465 945 omnes
489 893 607 945 dies
644 893 1086 960 stipendiantur:
1132 894 1287 954 unde,
1311 894 1645 955 coniectatio
1690 893 1881 959 ingens

271 978 438 1029 epum
480 970 585 1015 est.
675 965 756 1014 Ab
774 964 851 1013 ,iis
874 963 928 1012 in
951 963 1348 1022 interiorebs'itu
1368 960 1642 1025 Menedes
1669 968 1728 1012 et
1749 962 1877 1012 Sua-

196 1062 224 1097 ,·
269 1035 337 1093 ri,
359 1046 593 1099 quorum
618 1047 775 1082 mons
796 1033 1016 1083 Maleus
1027 1069 1042 1094 ‚
1085 1032 1141 1082 in
1165 1048 1272 1098 quo
1297 1032 1521 1082 umbrae
1542 1030 1614 1081 ad
1641 1038 1880 1100 septem·

270 1103 514 1151 trionem
538 1100 742 1151 cadunt
763 1100 960 1161 hieme,
985 1107 1199 1153 aestate
1222 1104 1277 1151 in
1295 1106 1569 1161 austrum,
1592 1115 1695 1165 per
1720 1114 1878 1151 senos

269 1183 507 1219 menses.
562 1167 1020 1233 *septemtriones
1044 1185 1108 1221 eo
1134 1168 1318 1221 tractu
1338 1169 1512 1222 semel
1537 1173 1592 1219 in
1617 1184 1764 1221 anno
1786 1185 1876 1236 ap-

271 1252 483 1305 parere,
524 1253 627 1288 nec
649 1239 757 1288 nisi
782 1237 888 1288 XV
912 1238 1140 1299 diebus,
1162 1240 1375 1291 Baeton
1399 1244 1597 1301 auctor
1619 1247 1742 1291 esta
1780 1237 1878 1288 hoc

269 1306 416 1358 idem
441 1306 691 1373 pluribus
725 1308 864 1357 locis
885 1307 1073 1359 Indiae
1107 1309 1254 1370 fieri,
1293 1307 1709 1377 Megasthenes,
1765 1309 1874 1373 *Au-³

271 1378 504 1427 strinum
527 1377 714 1442 polum
738 1377 862 1426 lndi
887 1372 1166 1429 Dram'asa
1204 1384 1446 1441 vocant.-
1496 1379 1691 1428 Amnis
1711 1380 1879 1443 loma-

236 1458 368 1503 ..nes
391 1447 449 1495 in
472 1446 720 1513 Gangem
745 1461 842 1513 per
865 1445 1217 1498 Palibothros
1243 1446 1489 1497 decurrit
1511 1447 1658 1498 inter
1679 1447 1886 1515 oppida

271 1515 534 1567 Methora
554 1523 609 1567 et
632 1516 940 1569 Clisobora.
966 1539 992 1568 η
1012 1518 1054 1567 Α
1078 1516 1270 1583 Gange
1294 1532 1451 1567 versa
1482 1518 1553 1567 ad
1587 1518 1886 1582 meridiem

272 1586 472 1652 plaga,
515 1586 802 1653 tinguntur
822 1585 975 1636 Sole‘.
994 1586 1218 1651 populi,
1255 1588 1364 1640 iam
1405 1586 1627 1653 quidem
1670 1586 1885 1648 infecti,
1943 1643 1955 1654 ⁸

273 1655 515 1705 nondum
551 1661 735 1705 tamen
768 1653 1101 1721 Aethiopum
1143 1654 1309 1705 modo
1354 1656 1536 1707 exusti
1558 1673 1570 1703 :
1616 1663 1886 1722 quantum

275 1723 345 1774 ad
368 1723 558 1774 Indum
585 1725 877 1785 accedunt,
902 1730 1123 1774 tantum
1147 1725 1333 1775 colore
1364 1725 1690 1790 praeferunt
1711 1724 1886 1775 sidus.

272 1792 439 1843 Indus
460 1794 651 1843 statim
675 1809 708 1843 a
731 1794 1048 1845 Prasiorum
1070 1800 1270 1868 gente,
1305 1809 1502 1843 uorum
1526 1796 1581 1843 in
1604 1796 1904 1845 montanis.

272 1862 545 1930 Pvgmaei
566 1863 879 1930 traduntur.
951 1857 1331 1915 Artemidoru's'
1353 1855 1661 1913 infer-*duos
1695 1849 1889 1915 affines

271 1916 445 1983 s'effimel
470 1940 526 1982 et
551 1927 979 1983 vicies‘cen't'ena
997 1932 1075 1981 M.
1097 1947 1242 1996 pass.
1265 1934 1533 1983 interesse
1566 1932 1765 1984 tradit.

296 2036 302 2043 -
340 2001 543 2051 xxm.
582 1999 745 2050 Indus
762 2035 779 2061 ,
822 2002 1024 2051 incolis
1047 2000 1249 2051 Sindus
1272 2002 1609 2068 appellatus,
1649 2002 1711 2053 in
1753 2002 1886 2068 iugo

275 2068 508 2119 Caucasi
530 2068 760 2129 montis,
802 2070 949 2135 quod
977 2077 1208 2120 vocatur
1229 2068 1648 2187 ParogamisuS,
1693 2073 1887 2124 adver-

271 2153 366 2187 sus
390 2136 538 2200 Solis
564 2144 744 2186 ortum
769 2136 996 2200 effusus,
1037 2145 1094 2190 et
1133 2140 1250 2204 ipse
1294 2154 1366 2187 un
1411 2139 1643 2209 erigipti
1687 2139 1889 2205 recipit

272 2221 478 2257 amnes·
552 2204 1055 2270 Sed-clarissimos,
1080 2208 1439 2273 Hydaspem,
1478 2201 1720 2273 quatuor
1744 2210 1888 2259 alios

270 2273 591 2324 asserentem
617 2291 629 2322 ε
673 2275 1001 2326 Cantabram
1022 2311 1037 2336 ,
1081 2280 1213 2327 tres.
1285 2275 1391 2327 Per
1415 2291 1475 2343 se
1496 2292 1629 2327 vero
1655 2278 1885 2344 naviga-

267 2340 412 2390 biles
430 2342 734 2405 Aeesinem‚
759 2351 814 2394 et
831 2346 1115 2410 Hypasin:
1141 2345 1377 2411 quadam
1403 2342 1886 2410 tamen'aquarum

268 2407 546 2458 modestia
568 2424 835 2475 nusquam
875 2415 1043 2464 latior
1075 2417 1476 2480 quinquaginta
1510 2414 1739 2474 stadiis,
1784 2420 1887 2466 aut

270 2476 442 2526 altior
483 2476 588 2528 XV
626 2493 819 2543 passus
843 2498 855 2529 ε
901 2482 1296 2545 amplissimam
1333 2483 1576 2533 insulam
1621 2483 1892 2544 effici-ens,⁸

270 2558 410 2607 quae
433 2545 697 2599 Prasiane
718 2550 1063 2598 nominatur:
1109 2559 1165 2602 et
1199 2551 1367 2618 aliam
1393 2552 1662 2607 minorem
1682 2587 1697 2613 ,
1740 2566 1888 2626 quae

269 2609 482 2666 Patale.
553 2616 676 2683 lpse
695 2629 797 2681 per
818 2616 1371 2694 duodecies-c9ntena
1389 2620 1769 2690 quadraginta.
1808 2618 1887 2673 M.

636 2833 691 2852 q,
