2009 3025
172 191 474 246 NATUR.
529 195 871 249 fflSToR.
926 195 1090 251 LIB.
1128 194 1220 249 m.
1268 194 1489 253 11-13.
1558 199 1665 254 245

66 298 158 360 lia,
196 313 231 350 a
274 298 584 364 Populonio
627 297 835 361 decem,
879 313 914 350 a
947 299 1180 351 Graecis
1209 297 1469 352 Aethalia
1497 300 1665 357 dieta.

64 368 141 420 Ab
164 383 230 420 ea
249 366 512 419 Planasia
534 367 820 420 XXXVssl
837 367 926 427 ·M.
981 370 1061 420 Ab
1104 368 1189 420 his
1226 367 1380 421 ultra
1399 368 1667 422 Tiberina

68 437 208 488 ostia
227 436 289 487 in
309 437 547 501 Antiano
571 438 794 499 Astura,
833 451 963 488 mox
985 437 1281 501 Palmaria,
1323 437 1571 499 Sinonia,
1609 444 1669 491 et

67 505 357 558 adversum
381 505 637 556 Formias
657 505 909 559 Pontiae.
947 505 1010 556 In
1032 506 1339 559 Puteolano
1377 514 1563 558 autem
1594 506 1669 557 si-

68 589 138 624 nu
171 573 528 635 Pandataria,
570 573 880 641 Prochyta:
916 590 1029 627 aon
1069 578 1140 628 ab
1170 576 1390 628 Aeneae
1433 575 1667 638 nutrice,

69 643 313 710 sedquia
333 641 565 709 profusa
587 645 656 695 ab
678 645 915 697 Aenaria
932 652 1070 696 erat.
1105 644 1345 696 Aenaria
1367 644 1489 710 ipsa
1506 659 1541 696 a
1559 648 1671 695 sta·

67 712 222 764 tione
244 715 462 764 navium
484 713 726 775 Aeneae,
758 713 1011 765 Homero
1032 712 1276 765 Inarime
1297 713 1465 775 dicta,
1500 712 1670 765 Grae·

68 783 144 833 cis
163 780 485 844 Pithecusa,
522 797 631 834 non
658 796 692 833 a
711 781 1001 833 simiarum
1026 780 1405 843 multitudine,
1449 786 1537 844 (ut
1566 780 1671 834 ali·
1731 807 1740 813 -

70 851 158 919 qui
204 849 631 921 existimavere)
680 850 781 903 sed
820 866 856 904 a
894 850 1108 917 figlinis
1151 850 1447 903 doliorum.
1517 849 1674 902 Inter

14 954 15 961 κ
67 919 428 988 Pausilypum
450 926 508 972 et
527 920 819 987 Neapolim
845 919 1095 986 Megaris
1117 936 1131 969 ε
1169 933 1303 971 mox
1343 934 1379 970 a
1397 918 1672 973 Surrento

68 995 193 1043 octo
236 988 484 1042 millibus
525 1003 785 1054 passuum
828 990 1132 1052 distantes,¹
1156 988 1368 1040 Tiberii
1404 987 1676 1054 principis

67 1071 192 1112 aree
215 1058 435 1111 nobiles
459 1057 724 1125 Capreae,
763 1059 999 1111 circuitu
1040 1057 1412 1126 quadraginta
1431 1056 1674 1110 millium

62 1141 366 1194 passuum.-

126 1197 282 1249 xm.
305 1197 443 1250 Mox
462 1196 813 1251 Leucotheat
857 1204 1126 1266 extraque
1163 1170 1538 1264 conspectum,
1581 1209 1674 1262 pe·
1783 1246 1788 1253 .

60 1266 226 1335 lagus
245 1265 490 1323 Africum
517 1268 819 1334 attingens,
858 1267 1139 1328 Sardinia,
1180 1267 1360 1318 minus
1403 1272 1530 1318 octo
1553 1264 1677 1317 mil·

61 1335 210 1388 libus
234 1350 494 1402 passuum
522 1350 558 1386 a
578 1336 835 1387 Corsicae
860 1336 1142 1397 extremis,
1180 1337 1481 1388 etiamnum
1503 1346 1674 1401 angu-

61 1405 207 1457 stias
236 1417 332 1454 eas
365 1403 714 1453 arctantibus
744 1402 944 1453 insulis
973 1405 1181 1468 parvis,
1222 1419 1364 1471 quae
1388 1402 1676 1455 Cunicula-

61 1469 617 1555 riae-appellanturr
668 1471 912 1558 itemque
951 1471 1287 1553 Phintonis,
1336 1479 1393 1524 et
1430 1472 1670 1526 Fossam

61 1537 1674 1676 ἓίἒῑὲὶξυένίῗξέἒἙαζὲῗιιὲἶηὲῑῗὲῗξένῗῧᾞῗίῗίιῗέωῗιῗιῖῗηίἐ

67 1683 135 1733 ab
180 1679 495 1740 occidente,
538 1677 792 1729 CLXXV
819 1676 1023 1744 millia:
1065 1689 1100 1724 a
1123 1676 1378 1737 meridie,
1415 1677 1674 1732 Lxxvn

67 1749 276 1801 millia:
321 1764 357 1800 a
394 1749 798 1815 septemtrione
816 1781 834 1807 ,
880 1742 1086 1795 CXXV
1110 1760 1124 1793 ε
1186 1744 1424 1795 circuitu
1466 1743 1676 1796 anv

66 1818 278 1872 milliaz
323 1817 482 1869 abest
510 1817 581 1868 ab
603 1815 794 1868 Africa
817 1813 1142 1867 Caralitano
1172 1812 1559 1900 promontorio
1581 1812 1678 1863 du·

69 1895 232 1939 centa
251 1887 449 1948 millia,
489 1901 524 1937 a
543 1885 797 1938 Gadibus
818 1881 1248 1953 quatuordecies
1269 1887 1516 1934 centena.
1561 1881 1680 1932 na-

71 1958 164 2009 bet
189 1961 249 2007 et
268 1969 303 2006 a
325 1954 636 2007 Gorditano
675 1954 1059 2022 promontorio
1101 1951 1240 2004 duas
1280 1950 1510 2013 insulas,
1533 1963 1677 2017 quae

70 2031 340 2078 vocantur
380 2024 661 2078 Herculis:
705 2039 742 2076 a
783 2022 1072 2084 Sulcensi,
1123 2023 1361 2074 Enosin:
1407 2018 1675 2092 acarali·

68 2102 221 2156 tatio,
256 2092 555 2146 Ficariam.
607 2092 848 2157 Quidam
890 2090 1041 2143 haud
1072 2089 1266 2156 procul
1297 2090 1370 2141 ab
1400 2103 1467 2140 ea
1509 2090 1677 2140 etiam

70 2162 364 2215 Berelidas
388 2166 616 2228 ponunt,
655 2168 713 2214 et
734 2159 1042 2224 Collodem,
1078 2165 1135 2211 et
1159 2173 1322 2226 quam
1344 2163 1547 2222 vocant
1565 2157 1697 2223 Heq

69 2246 163 2283 ras
188 2232 357 2283 lutra.
389 2230 748 2284 celeberrimi
770 2231 825 2281 in
850 2244 916 2282 ea
935 2229 1285 2296 populorum,
1307 2226 1550 2287 menses,
1568 2224 1677 2277 Ba·

69 2301 204 2365 lari,
238 2298 415 2352 Corsi.
465 2299 807 2368 Oppidorum
829 2298 1027 2359 xvm,
1063 2296 1352 2357 Sulcitani,
1371 2294 1677 2356 Valentini,

69 2366 452 2436 Neapolitani,
494 2370 789 2430 Bosenses‚
830 2367 1140 2418 caralitani
1177 2366 1377 2418 civium
1398 2365 1676 2417 Romano-

67 2451 218 2499 rum,
263 2444 320 2489 et
340 2436 634 2490 Norenses.
673 2435 906 2489 Colonia
926 2441 1111 2486 autem
1133 2450 1261 2497 una,
1284 2450 1422 2500 quae
1447 2439 1676 2486 vocatur

67 2507 139 2559 ad
164 2507 366 2558 turrim
380 2504 700 2574 Libysonis.
721 2504 1036 2558 Sardiniam
1057 2502 1233 2568 ipsam
1255 2503 1523 2553 Timaeus
1544 2501 1678 2553 San·

67 2575 329 2628 daliotim
353 2576 653 2642 appellavit
675 2577 744 2627 ab
766 2572 948 2639 effigie
971 2572 1182 2631 soleae,
1204 2569 1472 2636 Myrsilus
1484 2569 1677 2621 Ichnu-

64 2660 195 2698 sam
239 2661 274 2696 a
304 2644 677 2698 similitudine
709 2642 948 2709 vestigii.
1008 2644 1212 2693 Contra
1232 2638 1561 2691 Paestanum
1605 2639 1677 2688 si·

66 2730 206 2767 num
238 2714 516 2767 Leucasia
548 2719 659 2778 est,
697 2729 735 2767 a
770 2711 964 2768 Sirene
998 2711 1080 2764 ibi
1119 2707 1339 2778 sepulta
1378 2705 1678 2774 appellata.
