<?xml version="1.0" encoding="UTF-8"?>
<!DOCTYPE html PUBLIC "-//W3C//DTD XHTML 1.0 Transitional//EN"
    "http://www.w3.org/TR/xhtml1/DTD/xhtml1-transitional.dtd">
<html xmlns="http://www.w3.org/1999/xhtml" xml:lang="en" lang="en">
 <head>
  <title>
</title>
<meta http-equiv="Content-Type" content="text/html;charset=utf-8" />
  <meta name='ocr-system' content='tesseract 3.04.00' />
  <meta name='ocr-capabilities' content='ocr_page ocr_carea ocr_par ocr_line ocrx_word'/>
</head>
<body>
  <div class='ocr_page' id='page_1' title='image "./caiipliniisecun04plingoog_0401.png"; bbox 0 0 2009 3025; ppageno 0'>
   <div class='ocr_carea' id='block_1_1' title="bbox 248 91 1724 190">
    <p class='ocr_par' dir='ltr' id='par_1_1' title="bbox 248 91 1724 190">
     <span class='ocr_line' id='line_1_1' title="bbox 248 91 1724 190; baseline 0 -3"><span class='ocrx_word' id='word_1_1' title='bbox 248 132 557 187; x_wconf 80' lang='lat' dir='ltr'><strong>NATUR.</strong></span> <span class='ocrx_word' id='word_1_2' title='bbox 599 129 952 189; x_wconf 72' lang='lat' dir='ltr'><strong>msron.</strong></span> <span class='ocrx_word' id='word_1_3' title='bbox 992 91 1164 189; x_wconf 70' lang='lat' dir='ltr'><strong>Lis.</strong></span> <span class='ocrx_word' id='word_1_4' title='bbox 1208 133 1313 190; x_wconf 83' lang='lat' dir='ltr'><strong>vl.</strong></span> <span class='ocrx_word' id='word_1_5' title='bbox 1353 131 1547 189; x_wconf 58' lang='lat' dir='ltr'><strong>aasz».</strong></span> <span class='ocrx_word' id='word_1_6' title='bbox 1622 130 1724 188; x_wconf 78' lang='lat'><strong>395</strong></span> 
     </span>
    </p>
   </div>
   <div class='ocr_carea' id='block_1_2' title="bbox 115 220 1860 305">
    <p class='ocr_par' dir='ltr' id='par_1_2' title="bbox 115 220 1860 305">
     <span class='ocr_line' id='line_1_2' title="bbox 115 220 1860 305; baseline 0.001 -16"><span class='ocrx_word' id='word_1_7' title='bbox 115 250 223 289; x_wconf 80' lang='lat' dir='ltr'><strong>nus</strong></span> <span class='ocrx_word' id='word_1_8' title='bbox 243 237 424 290; x_wconf 84' lang='lat' dir='ltr'><strong>dictos</strong></span> <span class='ocrx_word' id='word_1_9' title='bbox 444 238 517 291; x_wconf 84' lang='lat' dir='ltr'><strong>ab</strong></span> <span class='ocrx_word' id='word_1_10' title='bbox 539 236 736 290; x_wconf 89' lang='lat' dir='ltr'><strong>eodem</strong></span> <span class='ocrx_word' id='word_1_11' title='bbox 759 226 994 289; x_wconf 82' lang='lat' dir='ltr'><strong>exordio</strong></span> <span class='ocrx_word' id='word_1_12' title='bbox 1026 238 1244 305; x_wconf 74' lang='lat' dir='ltr'><strong>colligit</strong></span> <span class='ocrx_word' id='word_1_13' title='bbox 1276 238 1351 290; x_wconf 89' lang='lat' dir='ltr'><strong>ad</strong></span> <span class='ocrx_word' id='word_1_14' title='bbox 1371 235 1624 290; x_wconf 79' lang='lat' dir='ltr'><strong>Maeotin</strong></span> <span class='ocrx_word' id='word_1_15' title='bbox 1641 234 1726 291; x_wconf 67' lang='lat' dir='ltr'><strong>lar</strong></span> <span class='ocrx_word' id='word_1_16' title='bbox 1763 250 1768 255; x_wconf 81' lang='grc'>’</span> <span class='ocrx_word' id='word_1_17' title='bbox 1851 220 1860 227; x_wconf 64' lang='grc'><strong>’</strong></span> 
     </span>
    </p>
   </div>
   <div class='ocr_carea' id='block_1_3' title="bbox 114 307 1731 515">
    <p class='ocr_par' dir='ltr' id='par_1_3' title="bbox 114 307 1731 515">
     <span class='ocr_line' id='line_1_3' title="bbox 116 307 1728 376; baseline 0.001 -18"><span class='ocrx_word' id='word_1_18' title='bbox 116 322 262 370; x_wconf 63' lang='lat' dir='ltr'><strong>clun,</strong></span> <span class='ocrx_word' id='word_1_19' title='bbox 284 309 494 359; x_wconf 79' lang='lat' dir='ltr'><strong>centies</strong></span> <span class='ocrx_word' id='word_1_20' title='bbox 517 313 750 359; x_wconf 83' lang='lat' dir='ltr'><strong>centena</strong></span> <span class='ocrx_word' id='word_1_21' title='bbox 769 307 897 358; x_wconf 85' lang='lat' dir='ltr'><strong>Lvl</strong></span> <span class='ocrx_word' id='word_1_22' title='bbox 920 309 1059 360; x_wconf 82' lang='lat' dir='ltr'><strong>min.</strong></span> <span class='ocrx_word' id='word_1_23' title='bbox 1082 324 1363 376; x_wconf 76' lang='lat' dir='ltr'>passuum.</span> <span class='ocrx_word' id='word_1_24' title='bbox 1415 307 1728 360; x_wconf 71' lang='lat' dir='ltr'><strong>Artemido-</strong></span> 
     </span>
     <span class='ocr_line' id='line_1_4' title="bbox 114 376 1724 430; baseline 0.001 -2"><span class='ocrx_word' id='word_1_25' title='bbox 114 392 215 428; x_wconf 85' lang='lat' dir='ltr'><strong>rus</strong></span> <span class='ocrx_word' id='word_1_26' title='bbox 240 378 432 428; x_wconf 85' lang='lat' dir='ltr'><strong>adiicit</strong></span> <span class='ocrx_word' id='word_1_27' title='bbox 454 376 726 428; x_wconf 84' lang='lat' dir='ltr'><strong>Dchlu</strong></span> <span class='ocrx_word' id='word_1_28' title='bbox 747 378 882 429; x_wconf 86' lang='lat' dir='ltr'><strong>mill.</strong></span> <span class='ocrx_word' id='word_1_29' title='bbox 954 378 1106 430; x_wconf 91' lang='lat' dir='ltr'><strong>Idem</strong></span> <span class='ocrx_word' id='word_1_30' title='bbox 1142 392 1266 430; x_wconf 91' lang='lat' dir='ltr'><strong>cum</strong></span> <span class='ocrx_word' id='word_1_31' title='bbox 1289 376 1577 429; x_wconf 77' lang='lat' dir='ltr'>Maeotide</span> <span class='ocrx_word' id='word_1_32' title='bbox 1600 392 1724 429; x_wconf 82' lang='lat' dir='ltr'><strong>cen-</strong></span> 
     </span>
     <span class='ocr_line' id='line_1_5' title="bbox 115 442 1731 515; baseline 0.001 -19"><span class='ocrx_word' id='word_1_33' title='bbox 115 445 226 497; x_wconf 87' lang='lat' dir='ltr'><strong>ties</strong></span> <span class='ocrx_word' id='word_1_34' title='bbox 246 446 569 515; x_wconf 75' lang='lat' dir='ltr'>septuagies</span> <span class='ocrx_word' id='word_1_35' title='bbox 607 452 790 514; x_wconf 9' lang='lat' dir='ltr'><strong>etbter</strong></span> <span class='ocrx_word' id='word_1_36' title='bbox 827 453 1062 499; x_wconf 87' lang='lat' dir='ltr'><strong>centena</strong></span> <span class='ocrx_word' id='word_1_37' title='bbox 1080 442 1179 498; x_wconf 87' lang='lat' dir='ltr'><strong>XC</strong></span> <span class='ocrx_word' id='word_1_38' title='bbox 1199 448 1278 499; x_wconf 88' lang='lat' dir='ltr'><strong>M.</strong></span> <span class='ocrx_word' id='word_1_39' title='bbox 1316 461 1578 513; x_wconf 79' lang='lat' dir='ltr'><strong>passuum</strong></span> <span class='ocrx_word' id='word_1_40' title='bbox 1604 458 1731 498; x_wconf 70' lang='lat' dir='ltr'><strong>esse</strong></span> 
     </span>
    </p>
   </div>
   <div class='ocr_carea' id='block_1_4' title="bbox 115 508 1822 582">
    <p class='ocr_par' dir='ltr' id='par_1_4' title="bbox 115 508 1822 582">
     <span class='ocr_line' id='line_1_6' title="bbox 115 508 1822 582; baseline 0 -17"><span class='ocrx_word' id='word_1_41' title='bbox 115 514 308 566; x_wconf 80' lang='lat' dir='ltr'><strong>tradit.</strong></span> <span class='ocrx_word' id='word_1_42' title='bbox 357 514 518 568; x_wconf 81' lang='lat' dir='ltr'><strong>Haec</strong></span> <span class='ocrx_word' id='word_1_43' title='bbox 538 523 625 567; x_wconf 87' lang='lat' dir='ltr'><strong>est</strong></span> <span class='ocrx_word' id='word_1_44' title='bbox 643 528 905 571; x_wconf 77' lang='lat' dir='ltr'><strong>mensura</strong></span> <span class='ocrx_word' id='word_1_45' title='bbox 921 518 1233 579; x_wconf 81' lang='lat' dir='ltr'>inermium,</span> <span class='ocrx_word' id='word_1_46' title='bbox 1256 522 1313 569; x_wconf 89' lang='lat' dir='ltr'><strong>et</strong></span> <span class='ocrx_word' id='word_1_47' title='bbox 1335 523 1535 582; x_wconf 85' lang='lat' dir='ltr'><strong>pacata</strong></span> <span class='ocrx_word' id='word_1_48' title='bbox 1554 508 1728 566; x_wconf 80' lang='lat' dir='ltr'><strong>auda·</strong></span> <span class='ocrx_word' id='word_1_49' title='bbox 1816 510 1822 521; x_wconf 80' lang='grc'><em>“</em></span> 
     </span>
    </p>
   </div>
   <div class='ocr_carea' id='block_1_5' title="bbox 32 583 1798 934">
    <p class='ocr_par' dir='ltr' id='par_1_5' title="bbox 32 583 1798 934">
     <span class='ocr_line' id='line_1_7' title="bbox 118 583 1798 651; baseline 0 -17"><span class='ocrx_word' id='word_1_50' title='bbox 118 584 208 634; x_wconf 89' lang='lat' dir='ltr'><strong>cia</strong></span> <span class='ocrx_word' id='word_1_51' title='bbox 228 583 511 636; x_wconf 82' lang='lat' dir='ltr'><strong>fortunam</strong></span> <span class='ocrx_word' id='word_1_52' title='bbox 532 587 954 651; x_wconf 75' lang='lat' dir='ltr'><strong>provocantium</strong></span> <span class='ocrx_word' id='word_1_53' title='bbox 976 585 1278 645; x_wconf 86' lang='lat' dir='ltr'><strong>hominum.</strong></span> <span class='ocrx_word' id='word_1_54' title='bbox 1304 586 1353 643; x_wconf 86' lang='lat' dir='ltr'>N</span> <span class='ocrx_word' id='word_1_55' title='bbox 1361 601 1464 636; x_wconf 87' lang='lat' dir='ltr'><strong>unc</strong></span> <span class='ocrx_word' id='word_1_56' title='bbox 1484 586 1732 650; x_wconf 85' lang='lat' dir='ltr'><strong>ipsarum</strong></span> <span class='ocrx_word' id='word_1_57' title='bbox 1786 616 1798 625; x_wconf 88' lang='lat'>-</span> 
     </span>
     <span class='ocr_line' id='line_1_8' title="bbox 90 653 1733 724; baseline -0.001 -20"><span class='ocrx_word' id='word_1_58' title='bbox 90 657 360 722; x_wconf 67' lang='lat' dir='ltr'><strong>„partium</strong></span> <span class='ocrx_word' id='word_1_59' title='bbox 387 655 710 722; x_wconf 83' lang='lat' dir='ltr'><strong>magnitudo</strong></span> <span class='ocrx_word' id='word_1_60' title='bbox 726 657 1168 724; x_wconf 80' lang='lat' dir='ltr'><strong>comparabitur,</strong></span> <span class='ocrx_word' id='word_1_61' title='bbox 1199 653 1733 721; x_wconf 68' lang='lat' dir='ltr'><strong>utcunquedifficul-</strong></span> 
     </span>
     <span class='ocr_line' id='line_1_9' title="bbox 115 723 1738 793; baseline -0.001 -19"><span class='ocrx_word' id='word_1_62' title='bbox 115 729 294 775; x_wconf 84' lang='lat' dir='ltr'><strong>tatem</strong></span> <span class='ocrx_word' id='word_1_63' title='bbox 321 723 521 775; x_wconf 86' lang='lat' dir='ltr'><strong>afferet</strong></span> <span class='ocrx_word' id='word_1_64' title='bbox 541 732 832 777; x_wconf 86' lang='lat' dir='ltr'><strong>auctorum</strong></span> <span class='ocrx_word' id='word_1_65' title='bbox 854 727 1172 781; x_wconf 75' lang='lat' dir='ltr'><strong>diversitaS.</strong></span> <span class='ocrx_word' id='word_1_66' title='bbox 1227 725 1529 793; x_wconf 83' lang='lat' dir='ltr'><strong>Aptissime</strong></span> <span class='ocrx_word' id='word_1_67' title='bbox 1546 730 1738 775; x_wconf 79' lang='lat' dir='ltr'><strong>tamen</strong></span> 
     </span>
     <span class='ocr_line' id='line_1_10' title="bbox 32 792 1740 865; baseline 0.001 -26"><span class='ocrx_word' id='word_1_68' title='bbox 32 836 39 839; x_wconf 13' lang='lat' dir='ltr'><strong>a</strong></span> <span class='ocrx_word' id='word_1_69' title='bbox 116 793 465 858; x_wconf 76' lang='lat' dir='ltr'><strong>spectabitur</strong></span> <span class='ocrx_word' id='word_1_70' title='bbox 477 793 545 844; x_wconf 89' lang='lat' dir='ltr'><strong>ad</strong></span> <span class='ocrx_word' id='word_1_71' title='bbox 560 792 964 865; x_wconf 82' lang='lat' dir='ltr'><strong>longitudinem</strong></span> <span class='ocrx_word' id='word_1_72' title='bbox 975 795 1280 849; x_wconf 84' lang='lat' dir='ltr'><strong>latitudine</strong></span> <span class='ocrx_word' id='word_1_73' title='bbox 1298 794 1507 846; x_wconf 86' lang='lat' dir='ltr'><strong>addita.</strong></span> <span class='ocrx_word' id='word_1_74' title='bbox 1531 792 1635 844; x_wconf 86' lang='lat' dir='ltr'><strong>Est</strong></span> <span class='ocrx_word' id='word_1_75' title='bbox 1655 805 1740 842; x_wconf 83' lang='lat' dir='ltr'><strong>er-</strong></span> 
     </span>
     <span class='ocr_line' id='line_1_11' title="bbox 118 860 1738 934; baseline -0.001 -23"><span class='ocrx_word' id='word_1_76' title='bbox 118 875 196 926; x_wconf 87' lang='lat' dir='ltr'><strong>go</strong></span> <span class='ocrx_word' id='word_1_77' title='bbox 219 861 289 912; x_wconf 89' lang='lat' dir='ltr'><strong>ad</strong></span> <span class='ocrx_word' id='word_1_78' title='bbox 310 860 418 913; x_wconf 85' lang='lat' dir='ltr'><strong>hoc</strong></span> <span class='ocrx_word' id='word_1_79' title='bbox 429 867 831 933; x_wconf 79' lang='lat' dir='ltr'><strong>praescriptum</strong></span> <span class='ocrx_word' id='word_1_80' title='bbox 845 865 1106 934; x_wconf 70' lang='lat' dir='ltr'><strong>Europae</strong></span> <span class='ocrx_word' id='word_1_81' title='bbox 1126 863 1459 931; x_wconf 82' lang='lat' dir='ltr'><strong>magnitudo</strong></span> <span class='ocrx_word' id='word_1_82' title='bbox 1481 862 1738 928; x_wconf 75' lang='lat' dir='ltr'><strong>octogies</strong></span> 
     </span>
    </p>
   </div>
   <div class='ocr_carea' id='block_1_6' title="bbox 115 928 1869 1004">
    <p class='ocr_par' dir='ltr' id='par_1_6' title="bbox 115 928 1869 1004">
     <span class='ocr_line' id='line_1_12' title="bbox 115 928 1869 1004; baseline -0.001 -22"><span class='ocrx_word' id='word_1_83' title='bbox 115 929 210 994; x_wconf 84' lang='lat' dir='ltr'><strong>bis</strong></span> <span class='ocrx_word' id='word_1_84' title='bbox 233 937 467 983; x_wconf 87' lang='lat' dir='ltr'><strong>centena</strong></span> <span class='ocrx_word' id='word_1_85' title='bbox 485 931 659 993; x_wconf 84' lang='lat' dir='ltr'>XCIV</span> <span class='ocrx_word' id='word_1_86' title='bbox 679 935 816 984; x_wconf 91' lang='lat' dir='ltr'><strong>mill.</strong></span> <span class='ocrx_word' id='word_1_87' title='bbox 838 950 1121 1004; x_wconf 80' lang='lat' dir='ltr'><strong>passuum.</strong></span> <span class='ocrx_word' id='word_1_88' title='bbox 1193 933 1417 986; x_wconf 84' lang='lat' dir='ltr'><strong>Africae</strong></span> <span class='ocrx_word' id='word_1_89' title='bbox 1440 928 1533 1000; x_wconf 88' lang='lat' dir='ltr'><strong>(ut</strong></span> <span class='ocrx_word' id='word_1_90' title='bbox 1553 929 1739 981; x_wconf 85' lang='lat' dir='ltr'><strong>media</strong></span> <span class='ocrx_word' id='word_1_91' title='bbox 1787 948 1790 953; x_wconf 48' lang='lat'>¹</span> <span class='ocrx_word' id='word_1_92' title='bbox 1863 986 1869 993; x_wconf 24' lang='grc' dir='ltr'><em>Ι</em></span> 
     </span>
    </p>
   </div>
   <div class='ocr_carea' id='block_1_7' title="bbox 102 998 1758 2166">
    <p class='ocr_par' dir='ltr' id='par_1_7' title="bbox 102 998 1758 2166">
     <span class='ocr_line' id='line_1_13' title="bbox 119 998 1735 1070; baseline -0.001 -20"><span class='ocrx_word' id='word_1_93' title='bbox 119 1015 192 1050; x_wconf 80' lang='lat' dir='ltr'><strong>ex</strong></span> <span class='ocrx_word' id='word_1_94' title='bbox 217 1001 365 1050; x_wconf 86' lang='lat' dir='ltr'><strong>omni</strong></span> <span class='ocrx_word' id='word_1_95' title='bbox 388 1003 666 1054; x_wconf 85' lang='lat' dir='ltr'><strong>varietate</strong></span> <span class='ocrx_word' id='word_1_96' title='bbox 699 998 1056 1070; x_wconf 75' lang='lat' dir='ltr'><strong>prodentium</strong></span> <span class='ocrx_word' id='word_1_97' title='bbox 1089 1009 1345 1057; x_wconf 83' lang='lat' dir='ltr'><strong>sumatur</strong></span> <span class='ocrx_word' id='word_1_98' title='bbox 1364 998 1735 1067; x_wconf 79' lang='lat' dir='ltr'><strong>computatio)</strong></span> 
     </span>
     <span class='ocr_line' id='line_1_14' title="bbox 116 1067 1735 1141; baseline 0.001 -23"><span class='ocrx_word' id='word_1_99' title='bbox 116 1067 296 1119; x_wconf 83' lang='lat' dir='ltr'><strong>efficit</strong></span> <span class='ocrx_word' id='word_1_100' title='bbox 327 1069 622 1133; x_wconf 74' lang='lat' dir='ltr'><strong>longitudo</strong></span> <span class='ocrx_word' id='word_1_101' title='bbox 653 1074 846 1125; x_wconf 82' lang='lat' dir='ltr'><strong>tricies</strong></span> <span class='ocrx_word' id='word_1_102' title='bbox 880 1075 1089 1141; x_wconf 85' lang='lat' dir='ltr'><strong>septies</strong></span> <span class='ocrx_word' id='word_1_103' title='bbox 1119 1072 1358 1125; x_wconf 78' lang='lat' dir='ltr'><strong>centena</strong></span> <span class='ocrx_word' id='word_1_104' title='bbox 1385 1069 1565 1124; x_wconf 83' lang='lat' dir='ltr'>XCIV</span> <span class='ocrx_word' id='word_1_105' title='bbox 1593 1067 1735 1120; x_wconf 87' lang='lat' dir='ltr'><strong>mill.</strong></span> 
     </span>
     <span class='ocr_line' id='line_1_15' title="bbox 115 1136 1732 1210; baseline -0.001 -22"><span class='ocrx_word' id='word_1_106' title='bbox 115 1137 408 1199; x_wconf 69' lang='lat' dir='ltr'><strong>Latitudo,</strong></span> <span class='ocrx_word' id='word_1_107' title='bbox 430 1153 540 1203; x_wconf 90' lang='lat' dir='ltr'><strong>qua</strong></span> <span class='ocrx_word' id='word_1_108' title='bbox 562 1141 786 1206; x_wconf 87' lang='lat' dir='ltr'><strong>colitur,</strong></span> <span class='ocrx_word' id='word_1_109' title='bbox 809 1159 1081 1210; x_wconf 81' lang='lat' dir='ltr'><strong>nusquam</strong></span> <span class='ocrx_word' id='word_1_110' title='bbox 1104 1143 1345 1193; x_wconf 81' lang='lat' dir='ltr'><strong>ducenta</strong></span> <span class='ocrx_word' id='word_1_111' title='bbox 1369 1136 1732 1205; x_wconf 69' lang='lat' dir='ltr'><strong>quinquagin-</strong></span> 
     </span>
     <span class='ocr_line' id='line_1_16' title="bbox 115 1205 1736 1277; baseline 0 -21"><span class='ocrx_word' id='word_1_112' title='bbox 115 1210 182 1256; x_wconf 83' lang='lat' dir='ltr'><strong>ta</strong></span> <span class='ocrx_word' id='word_1_113' title='bbox 201 1205 380 1257; x_wconf 86' lang='lat' dir='ltr'><strong>millia</strong></span> <span class='ocrx_word' id='word_1_114' title='bbox 400 1222 657 1272; x_wconf 80' lang='lat' dir='ltr'><strong>passuum</strong></span> <span class='ocrx_word' id='word_1_115' title='bbox 679 1213 916 1264; x_wconf 85' lang='lat' dir='ltr'><strong>excedit.</strong></span> <span class='ocrx_word' id='word_1_116' title='bbox 950 1212 1059 1263; x_wconf 86' lang='lat' dir='ltr'><strong>Sed</strong></span> <span class='ocrx_word' id='word_1_117' title='bbox 1083 1213 1341 1277; x_wconf 79' lang='lat' dir='ltr'><strong>&#39;quoniam</strong></span> <span class='ocrx_word' id='word_1_118' title='bbox 1366 1223 1401 1259; x_wconf 87' lang='lat' dir='ltr'><strong>a</strong></span> <span class='ocrx_word' id='word_1_119' title='bbox 1418 1205 1736 1274; x_wconf 74' lang='lat' dir='ltr'><strong>‘Cyrenaica</strong></span> 
     </span>
     <span class='ocr_line' id='line_1_17' title="bbox 116 1276 1734 1343; baseline 0.001 -18"><span class='ocrx_word' id='word_1_120' title='bbox 116 1276 241 1325; x_wconf 84' lang='lat' dir='ltr'><strong>eius</strong></span> <span class='ocrx_word' id='word_1_121' title='bbox 264 1281 425 1343; x_wconf 69' lang='lat' dir='ltr'><strong>parte</strong></span> <span class='ocrx_word' id='word_1_122' title='bbox 445 1286 852 1342; x_wconf 86' lang='lat' dir='ltr'><strong>nongentorum</strong></span> <span class='ocrx_word' id='word_1_123' title='bbox 876 1281 1069 1330; x_wconf 88' lang='lat' dir='ltr'><strong>decem</strong></span> <span class='ocrx_word' id='word_1_124' title='bbox 1084 1279 1319 1329; x_wconf 85' lang='lat' dir='ltr'><strong>millium</strong></span> <span class='ocrx_word' id='word_1_125' title='bbox 1335 1291 1596 1343; x_wconf 83' lang='lat' dir='ltr'><strong>passuum</strong></span> <span class='ocrx_word' id='word_1_126' title='bbox 1609 1290 1734 1327; x_wconf 82' lang='lat' dir='ltr'><strong>eam</strong></span> 
     </span>
     <span class='ocr_line' id='line_1_18' title="bbox 106 1342 1732 1409; baseline -0.001 -14"><span class='ocrx_word' id='word_1_127' title='bbox 106 1342 257 1395; x_wconf 66' lang='lat' dir='ltr'><strong>fecit</strong></span> <span class='ocrx_word' id='word_1_128' title='bbox 299 1345 559 1409; x_wconf 84' lang='lat' dir='ltr'><strong>Agrippa,</strong></span> <span class='ocrx_word' id='word_1_129' title='bbox 600 1346 829 1396; x_wconf 86' lang='lat' dir='ltr'><strong>deserta</strong></span> <span class='ocrx_word' id='word_1_130' title='bbox 865 1346 984 1396; x_wconf 88' lang='lat' dir='ltr'><strong>eius</strong></span> <span class='ocrx_word' id='word_1_131' title='bbox 1027 1346 1099 1396; x_wconf 88' lang='lat' dir='ltr'><strong>ad</strong></span> <span class='ocrx_word' id='word_1_132' title='bbox 1132 1346 1501 1398; x_wconf 81' lang='lat' dir='ltr'><strong>Garamantas</strong></span> <span class='ocrx_word' id='word_1_133' title='bbox 1537 1359 1732 1409; x_wconf 89' lang='lat' dir='ltr'><strong>usque,</strong></span> 
     </span>
     <span class='ocr_line' id='line_1_19' title="bbox 113 1412 1732 1480; baseline 0 -19"><span class='ocrx_word' id='word_1_134' title='bbox 113 1423 233 1477; x_wconf 78' lang='lat' dir='ltr'><strong>qua</strong></span> <span class='ocrx_word' id='word_1_135' title='bbox 243 1412 631 1473; x_wconf 80' lang='lat' dir='ltr'><strong>noscebantur,</strong></span> <span class='ocrx_word' id='word_1_136' title='bbox 645 1414 1022 1480; x_wconf 85' lang='lat' dir='ltr'><strong>complectens</strong></span> <span class='ocrx_word' id='word_1_137' title='bbox 1036 1415 1379 1477; x_wconf 78' lang='lat' dir='ltr'><strong>;universam</strong></span> <span class='ocrx_word' id='word_1_138' title='bbox 1392 1429 1586 1464; x_wconf 87' lang='lat' dir='ltr'><strong>mensu</strong></span> <span class='ocrx_word' id='word_1_139' title='bbox 1595 1428 1732 1472; x_wconf 86' lang='lat' dir='ltr'><strong>ram,</strong></span> 
     </span>
     <span class='ocr_line' id='line_1_20' title="bbox 112 1480 1733 1550; baseline 0 -19"><span class='ocrx_word' id='word_1_140' title='bbox 112 1494 262 1548; x_wconf 85' lang='lat' dir='ltr'><strong>quae</strong></span> <span class='ocrx_word' id='word_1_141' title='bbox 283 1481 441 1532; x_wconf 82' lang='lat' dir='ltr'><strong>venit</strong></span> <span class='ocrx_word' id='word_1_142' title='bbox 462 1480 519 1532; x_wconf 86' lang='lat' dir='ltr'><strong>in</strong></span> <span class='ocrx_word' id='word_1_143' title='bbox 536 1483 1030 1548; x_wconf 88' lang='lat' dir='ltr'><strong>computationem,</strong></span> <span class='ocrx_word' id='word_1_144' title='bbox 1055 1483 1388 1550; x_wconf 78' lang='lat' dir='ltr'><strong>quadragies</strong></span> <span class='ocrx_word' id='word_1_145' title='bbox 1407 1482 1593 1534; x_wconf 85' lang='lat' dir='ltr'><strong>sexies</strong></span> <span class='ocrx_word' id='word_1_146' title='bbox 1606 1495 1733 1533; x_wconf 81' lang='lat' dir='ltr'><strong>cen·</strong></span> 
     </span>
     <span class='ocr_line' id='line_1_21' title="bbox 110 1549 1731 1618; baseline -0.001 -17"><span class='ocrx_word' id='word_1_147' title='bbox 110 1557 254 1601; x_wconf 76' lang='lat' dir='ltr'><strong>tena</strong></span> <span class='ocrx_word' id='word_1_148' title='bbox 270 1549 400 1602; x_wconf 88' lang='lat' dir='ltr'>Vlll</span> <span class='ocrx_word' id='word_1_149' title='bbox 423 1550 559 1600; x_wconf 83' lang='lat' dir='ltr'><strong>mill.</strong></span> <span class='ocrx_word' id='word_1_150' title='bbox 595 1565 859 1615; x_wconf 87' lang='lat' dir='ltr'><strong>passuum</strong></span> <span class='ocrx_word' id='word_1_151' title='bbox 892 1553 1082 1603; x_wconf 85' lang='lat' dir='ltr'><strong>efficit.</strong></span> <span class='ocrx_word' id='word_1_152' title='bbox 1153 1554 1318 1605; x_wconf 82' lang='lat' dir='ltr'><strong>Asiae</strong></span> <span class='ocrx_word' id='word_1_153' title='bbox 1355 1550 1650 1618; x_wconf 84' lang='lat' dir='ltr'><strong>longitudo</strong></span> <span class='ocrx_word' id='word_1_154' title='bbox 1674 1553 1731 1600; x_wconf 91' lang='lat' dir='ltr'><strong>in</strong></span> 
     </span>
     <span class='ocr_line' id='line_1_22' title="bbox 111 1617 1733 1687; baseline -0.001 -16"><span class='ocrx_word' id='word_1_155' title='bbox 111 1617 375 1672; x_wconf 83' lang='lat' dir='ltr'><strong>confesso</strong></span> <span class='ocrx_word' id='word_1_156' title='bbox 399 1626 486 1686; x_wconf 78' lang='lat' dir='ltr'><strong>est</strong></span> <span class='ocrx_word' id='word_1_157' title='bbox 505 1625 592 1670; x_wconf 89' lang='lat' dir='ltr'><strong>ter</strong></span> <span class='ocrx_word' id='word_1_158' title='bbox 611 1625 668 1671; x_wconf 94' lang='lat' dir='ltr'><strong>et</strong></span> <span class='ocrx_word' id='word_1_159' title='bbox 687 1621 943 1687; x_wconf 83' lang='lat' dir='ltr'><strong>sexagies</strong></span> <span class='ocrx_word' id='word_1_160' title='bbox 965 1627 1202 1673; x_wconf 89' lang='lat' dir='ltr'><strong>centena</strong></span> <span class='ocrx_word' id='word_1_161' title='bbox 1218 1621 1429 1673; x_wconf 85' lang='lat' dir='ltr'><strong>LXXV</strong></span> <span class='ocrx_word' id='word_1_162' title='bbox 1449 1619 1588 1670; x_wconf 87' lang='lat' dir='ltr'><strong>mill.</strong></span> <span class='ocrx_word' id='word_1_163' title='bbox 1604 1634 1733 1684; x_wconf 73' lang='lat' dir='ltr'><strong>pas-</strong></span> 
     </span>
     <span class='ocr_line' id='line_1_23' title="bbox 112 1686 1735 1757; baseline -0.001 -18"><span class='ocrx_word' id='word_1_164' title='bbox 112 1689 297 1739; x_wconf 79' lang='lat' dir='ltr'><strong>suum&#39;.</strong></span> <span class='ocrx_word' id='word_1_165' title='bbox 354 1686 626 1741; x_wconf 89' lang='lat' dir='ltr'><strong>Latitudo</strong></span> <span class='ocrx_word' id='word_1_166' title='bbox 647 1704 780 1741; x_wconf 88' lang='lat' dir='ltr'><strong>sane</strong></span> <span class='ocrx_word' id='word_1_167' title='bbox 802 1691 1248 1757; x_wconf 66' lang='lat' dir='ltr'><strong>computetur‘ab</strong></span> <span class='ocrx_word' id='word_1_168' title='bbox 1270 1688 1735 1753; x_wconf 67' lang='lat' dir='ltr'><strong>Aethiopico&#39;ma·</strong></span> 
     </span>
     <span class='ocr_line' id='line_1_24' title="bbox 111 1756 1736 1826; baseline -0.001 -17"><span class='ocrx_word' id='word_1_169' title='bbox 111 1758 170 1809; x_wconf 80' lang='lat' dir='ltr'><strong>ri</strong></span> <span class='ocrx_word' id='word_1_170' title='bbox 190 1756 582 1808; x_wconf 86' lang='lat' dir='ltr'><strong>Alexandriam</strong></span> <span class='ocrx_word' id='word_1_171' title='bbox 604 1758 762 1810; x_wconf 73' lang='lat' dir='ltr'><strong>iuxta</strong></span> <span class='ocrx_word' id='word_1_172' title='bbox 783 1758 972 1810; x_wconf 84' lang='lat' dir='ltr'><strong>Nilum</strong></span> <span class='ocrx_word' id='word_1_173' title='bbox 993 1760 1177 1820; x_wconf 89' lang='lat' dir='ltr'><strong>sitam,</strong></span> <span class='ocrx_word' id='word_1_174' title='bbox 1211 1764 1275 1810; x_wconf 87' lang='lat' dir='ltr'><strong>ut</strong></span> <span class='ocrx_word' id='word_1_175' title='bbox 1297 1759 1736 1826; x_wconf 75' lang='lat' dir='ltr'><strong>per‘Meroen-et</strong></span> 
     </span>
     <span class='ocr_line' id='line_1_25' title="bbox 114 1822 1736 1892; baseline -0.001 -15"><span class='ocrx_word' id='word_1_176' title='bbox 114 1825 339 1892; x_wconf 82' lang='lat' dir='ltr'><strong>Syenen</strong></span> <span class='ocrx_word' id='word_1_177' title='bbox 361 1829 619 1878; x_wconf 85' lang='lat' dir='ltr'><strong>mensura</strong></span> <span class='ocrx_word' id='word_1_178' title='bbox 638 1836 845 1888; x_wconf 86' lang='lat' dir='ltr'><strong>currat,</strong></span> <span class='ocrx_word' id='word_1_179' title='bbox 869 1827 1052 1880; x_wconf 91' lang='lat' dir='ltr'><strong>decies</strong></span> <span class='ocrx_word' id='word_1_180' title='bbox 1073 1828 1253 1880; x_wconf 87' lang='lat' dir='ltr'><strong>octies</strong></span> <span class='ocrx_word' id='word_1_181' title='bbox 1276 1833 1512 1879; x_wconf 88' lang='lat' dir='ltr'><strong>centena</strong></span> <span class='ocrx_word' id='word_1_182' title='bbox 1522 1822 1736 1878; x_wconf 85' lang='lat' dir='ltr'><strong>LXXV-</strong></span> 
     </span>
     <span class='ocr_line' id='line_1_26' title="bbox 106 1894 1731 1964; baseline -0.002 -17"><span class='ocrx_word' id='word_1_183' title='bbox 106 1894 258 1947; x_wconf 69' lang='lat' dir='ltr'><strong>·rnili.</strong></span> <span class='ocrx_word' id='word_1_184' title='bbox 282 1909 562 1959; x_wconf 78' lang='lat' dir='ltr'><strong>passuum.</strong></span> <span class='ocrx_word' id='word_1_185' title='bbox 616 1897 861 1962; x_wconf 87' lang='lat' dir='ltr'><strong>Apparet</strong></span> <span class='ocrx_word' id='word_1_186' title='bbox 879 1911 1034 1964; x_wconf 83' lang='lat' dir='ltr'><strong>ergo,</strong></span> <span class='ocrx_word' id='word_1_187' title='bbox 1059 1899 1337 1963; x_wconf 85' lang='lat' dir='ltr'><strong>Europam</strong></span> <span class='ocrx_word' id='word_1_188' title='bbox 1356 1896 1525 1961; x_wconf 87' lang='lat' dir='ltr'><strong>paulo</strong></span> <span class='ocrx_word' id='word_1_189' title='bbox 1545 1895 1731 1945; x_wconf 84' lang='lat' dir='ltr'><strong>minus</strong></span> 
     </span>
     <span class='ocr_line' id='line_1_27' title="bbox 102 1962 1731 2032; baseline -0.001 -18"><span class='ocrx_word' id='word_1_190' title='bbox 102 1962 531 2016; x_wconf 85' lang='lat' dir='ltr'><strong>·dimidiaAsiae</strong></span> <span class='ocrx_word' id='word_1_191' title='bbox 544 1972 704 2030; x_wconf 87' lang='lat' dir='ltr'><strong>parte</strong></span> <span class='ocrx_word' id='word_1_192' title='bbox 726 1965 993 2018; x_wconf 79' lang='lat' dir='ltr'><strong>maiorem</strong></span> <span class='ocrx_word' id='word_1_193' title='bbox 1018 1981 1160 2026; x_wconf 86' lang='lat' dir='ltr'><strong>esse,</strong></span> <span class='ocrx_word' id='word_1_194' title='bbox 1184 1979 1348 2032; x_wconf 86' lang='lat' dir='ltr'><strong>quam</strong></span> <span class='ocrx_word' id='word_1_195' title='bbox 1359 1966 1570 2016; x_wconf 84' lang='lat' dir='ltr'><strong>Asiam.</strong></span> <span class='ocrx_word' id='word_1_196' title='bbox 1586 1965 1731 2014; x_wconf 87' lang='lat' dir='ltr'><strong>Ean-</strong></span> 
     </span>
     <span class='ocr_line' id='line_1_28' title="bbox 106 2032 1732 2102; baseline 0.001 -21"><span class='ocrx_word' id='word_1_197' title='bbox 106 2033 246 2082; x_wconf 68' lang='lat' dir='ltr'><strong>dem</strong></span> <span class='ocrx_word' id='word_1_198' title='bbox 270 2032 450 2100; x_wconf 67' lang='lat' dir='ltr'><strong>altero</strong></span> <span class='ocrx_word' id='word_1_199' title='bbox 471 2041 628 2086; x_wconf 85' lang='lat' dir='ltr'><strong>tanto</strong></span> <span class='ocrx_word' id='word_1_200' title='bbox 651 2040 710 2085; x_wconf 87' lang='lat' dir='ltr'><strong>et</strong></span> <span class='ocrx_word' id='word_1_201' title='bbox 735 2041 899 2086; x_wconf 90' lang='lat' dir='ltr'><strong>sexta</strong></span> <span class='ocrx_word' id='word_1_202' title='bbox 928 2042 1089 2102; x_wconf 89' lang='lat' dir='ltr'><strong>parte</strong></span> <span class='ocrx_word' id='word_1_203' title='bbox 1126 2034 1342 2086; x_wconf 80' lang='lat' dir='ltr'><strong>Africae</strong></span> <span class='ocrx_word' id='word_1_204' title='bbox 1385 2033 1732 2099; x_wconf 81' lang='lat' dir='ltr'><strong>ampliorem‚&#39;</strong></span> 
     </span>
     <span class='ocr_line' id='line_1_29' title="bbox 115 2097 1758 2166; baseline 0.002 -17"><span class='ocrx_word' id='word_1_205' title='bbox 115 2114 284 2166; x_wconf 81' lang='lat' dir='ltr'><strong>quam</strong></span> <span class='ocrx_word' id='word_1_206' title='bbox 307 2101 566 2156; x_wconf 66' lang='lat' dir='ltr'><strong>Africam.</strong></span> <span class='ocrx_word' id='word_1_207' title='bbox 637 2103 799 2163; x_wconf 78' lang='lat' dir='ltr'><strong>Quod</strong></span> <span class='ocrx_word' id='word_1_208' title='bbox 820 2104 871 2154; x_wconf 90' lang='lat' dir='ltr'><strong>si</strong></span> <span class='ocrx_word' id='word_1_209' title='bbox 891 2107 1229 2160; x_wconf 71' lang='lat' dir='ltr'><strong>misceantur</strong></span> <span class='ocrx_word' id='word_1_210' title='bbox 1250 2117 1443 2158; x_wconf 81' lang='lat' dir='ltr'><strong>onmes</strong></span> <span class='ocrx_word' id='word_1_211' title='bbox 1462 2115 1729 2160; x_wconf 79' lang='lat' dir='ltr'><strong>summae,</strong></span> <span class='ocrx_word' id='word_1_212' title='bbox 1754 2097 1758 2110; x_wconf 59' lang='lat'>¹</span> 
     </span>
    </p>
   </div>
   <div class='ocr_carea' id='block_1_8' title="bbox 24 2168 1732 2238">
    <p class='ocr_par' dir='ltr' id='par_1_8' title="bbox 24 2168 1732 2238">
     <span class='ocr_line' id='line_1_30' title="bbox 24 2168 1732 2238; baseline -0.001 -17"><span class='ocrx_word' id='word_1_213' title='bbox 24 2168 41 2182; x_wconf 90' lang='lat'><strong><em>‘</em></strong></span> <span class='ocrx_word' id='word_1_214' title='bbox 114 2168 333 2236; x_wconf 70' lang='lat' dir='ltr'><strong>liquido</strong></span> <span class='ocrx_word' id='word_1_215' title='bbox 359 2171 599 2237; x_wconf 89' lang='lat' dir='ltr'><strong>patebit,</strong></span> <span class='ocrx_word' id='word_1_216' title='bbox 640 2168 937 2238; x_wconf 80' lang='lat' dir='ltr'><strong>Europam</strong></span> <span class='ocrx_word' id='word_1_217' title='bbox 953 2176 1130 2224; x_wconf 87' lang='lat' dir='ltr'><strong>totius</strong></span> <span class='ocrx_word' id='word_1_218' title='bbox 1152 2180 1337 2224; x_wconf 81' lang='lat' dir='ltr'><strong>terrae</strong></span> <span class='ocrx_word' id='word_1_219' title='bbox 1356 2170 1580 2222; x_wconf 86' lang='lat' dir='ltr'><strong>tertiam</strong></span> <span class='ocrx_word' id='word_1_220' title='bbox 1605 2184 1732 2221; x_wconf 79' lang='lat' dir='ltr'><strong>esse</strong></span> 
     </span>
    </p>
   </div>
   <div class='ocr_carea' id='block_1_9' title="bbox 108 2240 1826 2718">
    <p class='ocr_par' dir='ltr' id='par_1_9' title="bbox 108 2240 1826 2718">
     <span class='ocr_line' id='line_1_31' title="bbox 113 2240 1728 2308; baseline -0.001 -18"><span class='ocrx_word' id='word_1_221' title='bbox 113 2246 337 2306; x_wconf 83' lang='lat' dir='ltr'><strong>partem</strong></span> <span class='ocrx_word' id='word_1_222' title='bbox 360 2245 417 2294; x_wconf 86' lang='lat' dir='ltr'><strong>et</strong></span> <span class='ocrx_word' id='word_1_223' title='bbox 439 2245 692 2304; x_wconf 73' lang='lat' dir='ltr'><strong>octavam</strong></span> <span class='ocrx_word' id='word_1_224' title='bbox 715 2240 885 2304; x_wconf 88' lang='lat' dir='ltr'><strong>paulo</strong></span> <span class='ocrx_word' id='word_1_225' title='bbox 907 2241 1172 2308; x_wconf 79' lang='lat' dir='ltr'><strong>amplius:</strong></span> <span class='ocrx_word' id='word_1_226' title='bbox 1195 2241 1392 2295; x_wconf 69' lang='lat' dir='ltr'><strong>Asiam,</strong></span> <span class='ocrx_word' id='word_1_227' title='bbox 1407 2255 1536 2308; x_wconf 71' lang='lat' dir='ltr'><strong>vero</strong></span> <span class='ocrx_word' id='word_1_228' title='bbox 1561 2252 1728 2305; x_wconf 85' lang='lat' dir='ltr'><strong>quar·</strong></span> 
     </span>
     <span class='ocr_line' id='line_1_32' title="bbox 108 2308 1733 2376; baseline -0.002 -16"><span class='ocrx_word' id='word_1_229' title='bbox 108 2318 235 2360; x_wconf 76' lang='lat' dir='ltr'><strong>‘tam</strong></span> <span class='ocrx_word' id='word_1_230' title='bbox 255 2315 315 2360; x_wconf 89' lang='lat' dir='ltr'><strong>et</strong></span> <span class='ocrx_word' id='word_1_231' title='bbox 339 2308 884 2374; x_wconf 82' lang='lat' dir='ltr'><strong>quartamdecimam,</strong></span> <span class='ocrx_word' id='word_1_232' title='bbox 922 2310 1171 2363; x_wconf 80' lang='lat' dir='ltr'><strong>Africam</strong></span> <span class='ocrx_word' id='word_1_233' title='bbox 1190 2316 1379 2364; x_wconf 82' lang='lat' dir='ltr'><strong>autem</strong></span> <span class='ocrx_word' id='word_1_234' title='bbox 1399 2308 1652 2376; x_wconf 87' lang='lat' dir='ltr'><strong>quintam</strong></span> <span class='ocrx_word' id='word_1_235' title='bbox 1673 2310 1733 2356; x_wconf 86' lang='lat' dir='ltr'><strong>et</strong></span> 
     </span>
     <span class='ocr_line' id='line_1_33' title="bbox 114 2376 1826 2444; baseline -0.006 -14"><span class='ocrx_word' id='word_1_236' title='bbox 114 2381 349 2444; x_wconf 78' lang='lat' dir='ltr'><strong>insuper</strong></span> <span class='ocrx_word' id='word_1_237' title='bbox 368 2376 795 2443; x_wconf 75' lang='lat' dir='ltr'><strong>sexagesimam.</strong></span> <span class='ocrx_word' id='word_1_238' title='bbox 1819 2403 1826 2406; x_wconf 34' lang='grc' dir='ltr'><em>ν</em></span> 
     </span>
     <span class='ocr_line' id='line_1_34' title="bbox 191 2442 1782 2523; baseline -0.003 -25"><span class='ocrx_word' id='word_1_239' title='bbox 191 2445 451 2498; x_wconf 73' lang='lat' dir='ltr'><strong>XXXIX.</strong></span> <span class='ocrx_word' id='word_1_240' title='bbox 487 2446 596 2495; x_wconf 81' lang='lat' dir='ltr'><strong>His</strong></span> <span class='ocrx_word' id='word_1_241' title='bbox 627 2444 893 2523; x_wconf 49' lang='lat' dir='ltr'><strong>addemus</strong></span> <span class='ocrx_word' id='word_1_242' title='bbox 924 2448 1231 2496; x_wconf 54' lang='lat' dir='ltr'><strong>staminum</strong></span> <span class='ocrx_word' id='word_1_243' title='bbox 1275 2457 1443 2495; x_wconf 87' lang='lat' dir='ltr'><strong>unam</strong></span> <span class='ocrx_word' id='word_1_244' title='bbox 1483 2442 1735 2494; x_wconf 81' lang='lat' dir='ltr'><strong>Graecae</strong></span> <span class='ocrx_word' id='word_1_245' title='bbox 1754 2501 1782 2516; x_wconf 14' lang='grc' dir='ltr'><strong>Δ,</strong></span> 
     </span>
     <span class='ocr_line' id='line_1_35' title="bbox 116 2510 1738 2580; baseline -0.002 -14"><span class='ocrx_word' id='word_1_246' title='bbox 116 2515 459 2567; x_wconf 75' lang='lat' dir='ltr'><strong>inventionis</strong></span> <span class='ocrx_word' id='word_1_247' title='bbox 483 2516 823 2563; x_wconf 71' lang='lat' dir='ltr'><strong>sententiam</strong></span> <span class='ocrx_word' id='word_1_248' title='bbox 843 2510 931 2561; x_wconf 83' lang='lat' dir='ltr'><strong>vel</strong></span> <span class='ocrx_word' id='word_1_249' title='bbox 956 2513 1432 2580; x_wconf 79' lang='lat' dir='ltr'><strong>exquisitissimae</strong></span> <span class='ocrx_word' id='word_1_250' title='bbox 1453 2512 1738 2564; x_wconf 81' lang='lat' dir='ltr'><strong>subtilita-</strong></span> 
     </span>
     <span class='ocr_line' id='line_1_36' title="bbox 117 2579 1737 2645; baseline -0.002 -11"><span class='ocrx_word' id='word_1_251' title='bbox 117 2585 216 2644; x_wconf 85' lang='lat' dir='ltr'><strong>tis,</strong></span> <span class='ocrx_word' id='word_1_252' title='bbox 240 2592 306 2636; x_wconf 80' lang='lat' dir='ltr'><strong>ut</strong></span> <span class='ocrx_word' id='word_1_253' title='bbox 324 2579 462 2632; x_wconf 83' lang='lat' dir='ltr'><strong>nibil</strong></span> <span class='ocrx_word' id='word_1_254' title='bbox 480 2580 625 2631; x_wconf 87' lang='lat' dir='ltr'><strong>desit</strong></span> <span class='ocrx_word' id='word_1_255' title='bbox 645 2580 700 2630; x_wconf 90' lang='lat' dir='ltr'><strong>in</strong></span> <span class='ocrx_word' id='word_1_256' title='bbox 720 2579 1031 2645; x_wconf 87' lang='lat' dir='ltr'><strong>spectando</strong></span> <span class='ocrx_word' id='word_1_257' title='bbox 1051 2587 1325 2634; x_wconf 83' lang='lat' dir='ltr'><strong>terrarum</strong></span> <span class='ocrx_word' id='word_1_258' title='bbox 1347 2583 1484 2631; x_wconf 85' lang='lat' dir='ltr'><strong>situ:</strong></span> <span class='ocrx_word' id='word_1_259' title='bbox 1521 2580 1737 2633; x_wconf 71' lang='lat' dir='ltr'><strong>indica·</strong></span> 
     </span>
     <span class='ocr_line' id='line_1_37' title="bbox 122 2651 1732 2718; baseline -0.001 -17"><span class='ocrx_word' id='word_1_260' title='bbox 122 2652 309 2718; x_wconf 82' lang='lat' dir='ltr'><strong>tisque</strong></span> <span class='ocrx_word' id='word_1_261' title='bbox 331 2651 653 2718; x_wconf 82' lang='lat' dir='ltr'><strong>regionibus</strong></span> <span class='ocrx_word' id='word_1_262' title='bbox 673 2652 958 2708; x_wconf 80' lang='lat' dir='ltr'><strong>noscatur,</strong></span> <span class='ocrx_word' id='word_1_263' title='bbox 974 2653 1038 2701; x_wconf 63' lang='lat' dir='ltr'><strong>et</strong></span> <span class='ocrx_word' id='word_1_264' title='bbox 1054 2662 1177 2712; x_wconf 65' lang='lat' dir='ltr'><strong>‘cum</strong></span> <span class='ocrx_word' id='word_1_265' title='bbox 1201 2663 1310 2715; x_wconf 83' lang='lat' dir='ltr'><strong>qua</strong></span> <span class='ocrx_word' id='word_1_266' title='bbox 1329 2652 1524 2716; x_wconf 91' lang='lat' dir='ltr'><strong>cuique</strong></span> <span class='ocrx_word' id='word_1_267' title='bbox 1542 2664 1732 2711; x_wconf 77' lang='lat' dir='ltr'><strong>earum</strong></span> 
     </span>
    </p>
   </div>
  </div>
 </body>
</html>
