2009 3025
338 76 1027 199 uuna-uisne„
1066 118 1230 174 Lm.
1270 118 1339 173 ν.
1363 118 1414 175 1.
1573 120 1679 178 303

69 218 127 277 οἱ
146 219 536 288 cymbalorum
557 221 745 274 sonitu
765 227 1031 289 strepere.
1100 223 1257 274 Haec
1279 223 1546 276 celebrati
1584 240 1680 278 uu·
1745 270 1750 273 .

70 297 261 343 ctores
283 289 597 357 prodidere,
618 298 844 357 praeter
862 290 1096 345 Herculi
1116 296 1173 344 et
1196 288 1402 345 Perseo
1423 292 1680 348 laborata

68 358 167 412 ibi.
243 357 498 425 Spatium
521 358 593 410 ad
616 375 742 412 eum
764 360 1093 412 immensum
1112 360 1511 427 incertumque.

137 426 333 483 Fuere
357 433 414 479 et
436 428 725 479 Hannonis
746 427 1285 495 Carthaginiensium
1330 429 1485 480 ducis
1526 416 1718 505 com-³}

66 495 353 559 mentatii,
374 496 603 562 Punicis
625 499 790 549 rebus
808 495 1220 563 florentissimis
1242 498 1538 563 explorare
1558 513 1676 548 am·
1703 508 1712 569 θ

66 563 499 635 hitum‚Africae
517 565 684 627 iussi3
727 578 888 633 quem
910 566 1089 619 secuti
1112 566 1364 632 plerique
1395 582 1426 619 e
1447 567 1678 618 Graecis
1701 584 1708 625 ξ

65 633 414 699 nostrisque,
433 639 492 685 et
511 632 623 685 alia
643 634 865 701 quidem
887 632 1165 697 fabulosa,
1206 642 1264 688 et
1286 635 1450 688 urbes
1472 635 1677 686 multas

65 705 140 767 ab
164 718 236 757 eo
260 702 513 755 conditas
535 702 616 753 ibi
637 700 958 769 prodidere,
1003 719 1237 772 quarum
1267 719 1372 756 nec
1408 705 1681 757 memoria

66 773 209 835 ulla,
231 786 335 823 nee
354 770 647 839 vestigium
669 776 871 825 exstat.

134 830 404 906 Scipione
423 840 734 892 Aemiliano
755 855 843 893 res
865 838 923 891 in
938 838 1128 892 Africa
1146 844 1398 908 gerente,
1409 840 1681 908 Polybius

64 909 367 967 Annalium
393 910 672 970 conditor,
714 909 784 960 ab
807 925 873 961 eo
895 915 1124 975 accepta
1145 909 1351 972 classe,
1389 909 1681 963 scrutandi

64 976 229 1043 illius
250 978 404 1030 orbis
424 979 611 1046 gratia
631 980 1050 1045 circumvectus,
1068 978 1330 1044 prodidit,
1343 993 1378 1028 a
1399 985 1587 1031 monte
1612 994 1679 1031 eo

65 1044 634 1119 gdfloccasumyersus
654 1047 834 1101 saltus
856 1046 1049 1112 p10nos
1076 1047 1241 1109 feris,
1276 1063 1413 1114 quas
1448 1053 1682 1114 generat

62 1116 275 1179 Africa,
299 1116 368 1167 ad
392 1115 591 1167 flumen
614 1117 814 1181 Anatin
836 1115 1277 1171 ccchXxxv
1300 1119 1377 1167 M.
1400 1131 1545 1182 pass.
1598 1117 1681 1168 Ab

64 1200 132 1241 eo
157 1182 371 1257 Lixum
405 1183 543 1253 CCV
573 1185 954 1255 M.,p.assuum‚
989 1200 1026 1235 a
1053 1183 1333 1235 Gaditano
1358 1184 1507 1236 freto
1531 1183 1681 1237 cxu

62 1255 142 1308 Μ.
165 1268 434 1322 passuum
455 1252 666 1304 abesse.
721 1252 857 1306 lnde
877 1253 1077 1314 sinum,
1099 1251 1193 1318 qui
1214 1261 1442 1306 vocetur
1462 1251 1680 1319 Saguti.

63 1324 351 1392 Oppidum
372 1322 433 1373 in
456 1321 837 1389 promontorio
861 1321 1202 1375 Mulelacha.
1271 1320 1532 1373 Flumina
1574 1322 1679 1373 Su—

61 1393 170 1447 bur
194 1396 255 1453 et
276 1390 481 1444 Salam.
549 1388 782 1451 Portum
805 1386 1041 1440 Rutubis
1081 1403 1118 1439 a
1153 1388 1296 1438 Lixo
1342 1389 1559 1440 CCXIII
1598 1388 1679 1441 Μ.

59 1478 218 1532 pass.
290 1458 424 1514 Inde
467 1454 904 1530 promjon'torium
930 1455 1105 1508 Solis=
1144 1463 1367 1522 portum
1397 1456 1677 1508 Risardir:

59 1531 348 1588 Gaetulos
371 1529 683 1583 Autololes:
724 1526 930 1580 flumen
972 1528 1270 1578 eosenum:
1312 1530 1505 1592 gentes
1545 1524 1676 1578 Sce-

56 1603 262 1656 latitos
287 1606 344 1654 et
363 1599 633 1656 Masatos.
705 1597 939 1650 Flumen
959 1594 1235 1646 Masatat:
1257 1591 1464 1643 flumen
1483 1592 1684 1655 Darat,

56 1675 117 1724 in
141 1685 259 1739 quo
280 1668 594 1724 crocodilos
615 1666 780 1734 gigni.
816 1713 825 1718 ,
852 1661 1071 1716 Deinde
1111 1662 1289 1713 sinum
1328 1660 1558 1714 DCXVI
1598 1661 1680 1714 M.

55 1756 218 1810 pass.
243 1735 453 1790 includi
477 1736 681 1796 montis
713 1735 891 1800 Barce
930 1730 1312 1799 promontorio
1355 1736 1681 1784 excurrente

55 1813 119 1864 in
144 1801 440 1868 occasum,
484 1801 632 1871 quod
655 1802 899 1873 appellat
921 1801 1287 1868 Surrentium.
1357 1798 1561 1851 Postea
1578 1797 1681 1866 flu-

56 1896 199 1934 men
225 1877 469 1937 Palsum,
479 1874 631 1928 ultra
652 1870 1121 1940 quod,Aethiopas
1140 1868 1426 1931 Perorsos,
1442 1883 1680 1938 quorum

54 1937 101 2002 α’
116 1956 298 2013 tergo
321 1942 640 1996 Pharusios.
680 1943 752 1995 lis
772 1940 930 2009 iungi
948 1940 1389 1994 mediterraneos
1409 1936 1682 1992 Gaetulos

51 2013 274 2080 Daras.
347 2015 418 2076 At
436 2015 494 2066 in
516 2027 614 2078 ora
631 2009 933 2077 Aethiopas
953 2009 1261 2068 Daratitas‚
1293 2006 1498 2066 flumen
1516 2006 1681 2057 Bam-

51 2087 294 2145 Imtum,
315 2081 610 2134 crocodilis
631 2086 687 2133 et
705 2078 1121 2145 hippopotamis
1146 2076 1436 2129 refertum.
1506 2075 1586 2125 Ab
1610 2089 1677 2127 eo

49 2147 620 2218 niontesperpetuos
639 2163 814 2215 usque
835 2148 905 2199 ad
930 2165 1074 2211 eum,
1115 2151 1274 2215 quem
1291 2144 1484 2196 Theon
1509 2142 1675 2195 oche-

46 2241 155 2278 ma
185 2222 455 2275 dicemus.
509 2218 642 2274 Inde
664 2217 736 2270 ad
762 2216 1200 2283 promontorium
1221 2213 1556 2279 Hesperium
1581 2228 1678 2265 na-

44 2291 367 2361 vigatione
400 2287 614 2340 dierum
651 2302 718 2346 ac
749 2288 994 2337 noctium
1027 2286 1241 2344 decem,
1279 2282 1338 2333 in
1382 2281 1568 2334 medio
1608 2293 1680 2350 eq

40 2361 255 2432 spatio
279 2357 560 2422 Atlantem
580 2354 789 2407 locavit
804 2390 823 2417 ,
859 2370 894 2406 a
915 2357 1118 2409 ceteris
1142 2352 1394 2405 omnibus
1415 2352 1473 2402 in
1496 2357 1677 2427 extre·

38 2431 165 2486 mis
190 2426 574 2498 Mauritaniae
593 2424 892 2492 proditum.

116 2500 394 2553 Romana
413 2510 570 2549 arma
590 2508 820 2561 prunum
845 2488 1082 2542 Claudio
1105 2486 1352 2555 principe
1384 2489 1444 2539 in
1463 2461 1688 2539 Mennim

32 2568 225 2625 tania
243 2565 543 2627 bellavere,
584 2562 960 2616 Ptolemaeum
983 2573 1170 2625 regem
1194 2574 1227 2609 a
1249 2559 1308 2609 C.
1331 2559 1570 2616 Caesare
1586 2557 1671 2607 in-

32 2640 375 2695 teremtum
396 2632 701 2690 ,ulciscente
727 2629 930 2699 liberto
960 2627 1304 2706 Aedemone,
1338 2626 1667 2695 refugienti-
