2009 3025
302 142 611 218 N'Arun.
648 160 987 217 ins-ron.
1025 161 1190 247 mn.
1220 162 1327 218 νι.
1361 165 1554 221 23.24.
1634 166 1739 238 aaa

119 282 297 325 canos
318 272 557 336 gentem,
597 268 745 330 vitis,
790 272 848 320 et
865 266 1030 331 lauri,
1066 272 1124 320 et
1144 267 1298 330 buxi,
1338 283 1739 340 pomorumque

124 338 376 391 omnium
395 337 455 388 in
475 332 723 389 Graecia?
736 340 1081 389 nascentium
1106 337 1373 390 fertilem.
1446 342 1602 402 Quae
1625 356 1736 393 me·

119 407 416 469 meranda,
462 414 519 458 et
539 421 710 474 prope
735 407 1010 470 fabulosa,
1055 407 1122 459 de
1155 407 1449 459 fertilitate
1469 416 1654 461 terrae
1674 425 1740 462 ac

123 492 331 545 genere
353 475 573 543 frugum
598 478 981 543 arborumque,
1029 484 1128 528 aut
1167 476 1436 528 ferarum*
1454 483 1553 528 aut
1589 479 1743 529 volu·

126 561 285 598 crum
310 553 369 597 et
388 545 628 597 aliorum
655 547 981 597 animalium
1003 547 1318 608 traduntur,
1349 546 1463 597 suis
1484 561 1740 613 quaeque

121 615 269 667 locis
290 615 346 666 in
367 615 583 680 reliqua
603 622 762 680 parte
779 617 959 681 operis
980 617 1575 668 commemorabuntur.
1599 619 1742 679 Quu-

123 691 261 739 tuor
278 698 410 734 vero
433 682 713 750 satrapiae
736 696 864 734 mox
884 685 1081 749 paulo,
1105 685 1177 738 ad
1199 684 1569 753 Taprobanen
1587 685 1741 737 insu-

128 753 248 817 lam
269 752 578 804 festinante
597 752 803 804 animo.

199 820 307 873 Sed
330 827 461 872 ante
484 827 611 871 sunt
633 821 794 883 aliae,
838 820 1059 884 Patale,
1101 836 1265 888 quam
1301 823 1740 891 significavimus

122 891 188 942 in
210 890 348 957 ipsis
370 890 619 941 faucibus
640 891 782 952 lndi,
796 893 1068 958 triquetra
1089 893 1288 960 figura,
1313 893 1507 944 CCXX
1526 893 1603 943 M.
1619 908 1743 959 pas-

123 975 295 1012 suum
317 960 627 1011 latitudine.
670 959 879 1011 eExtra
901 963 1103 1011 ostium
1126 960 1278 1023 lndi,
1323 960 1536 1029 Chryse
1560 969 1617 1014 et
1644 964 1743 1014 Ar·

123 1044 285 1097 gyre,
325 1028 546 1089 fertiles
574 1028 840 1090 metallis,
884 1035 945 1080 ut
968 1031 1153 1081 credo.
1229 1031 1372 1082 Nam
1395 1031 1542 1098 quod
1565 1031 1741 1100 aliqui

124 1098 667 1163 tradidere,aure=·1
690 1105 1123 1166 argenteumque
1140 1097 1210 1148 iis
1231 1100 1410 1150 solum
1435 1115 1574 1163 esse,
1590 1099 1742 1152 haud

123 1166 295 1220 facile
316 1168 664 1222 crediderim.
701 1169 712 1185 ⁰
736 1170 816 1220 Ab
839 1168 911 1219 iis
934 1169 1039 1220 XX
1061 1169 1139 1219 M.
1165 1182 1310 1233 pass.
1335 1170 1583 1221 Crocala.
1657 1169 1740 1223 Ab

126 1252 200 1291 ea
222 1237 322 1287 ΧΠ
344 1237 422 1288 Μ.
446 1253 593 1304 pass.
615 1237 849 1305 Bibaga,
880 1238 1085 1290 ostreis
1108 1246 1164 1289 et
1185 1235 1492 1303 conchyliis
1512 1238 1740 1290 referta.

123 1305 347 1358 Deinde
378 1305 670 1357 Toralliba
691 1306 773 1358 IX
789 1306 869 1358 M.
891 1321 1039 1372 pass.
1062 1323 1098 1358 a
1119 1318 1288 1373 supra
1308 1307 1485 1370 dicta,
1511 1309 1743 1360 multae·

127 1391 239 1446 que
259 1375 558 1442 ignobiles,
1093 1391 1102 1401 ·

198 1444 401 1497 XXIV.
427 1441 796 1509 Taprobanen
820 1441 1058 1499 alterum
1081 1442 1273 1495 orbem
1296 1448 1572 1496 terrarum
1600 1459 1740 1508 esse,
1774 1480 1784 1495 .

129 1514 231 1568 diu
274 1515 659 1566 existimatum
705 1519 788 1564 est
807 1548 823 1574 ,
864 1512 1301 1564 Antichthonum
1345 1514 1741 1580 appellatione.

125 1586 205 1637 Ut
228 1583 467 1652 liqueret
487 1584 728 1634 insulam
751 1597 888 1644 esse,
908 1582 1209 1635 Alexandri
1231 1583 1426 1649 Magni
1449 1589 1606 1634 aetas
1629 1598 1743 1636 res·

126 1669 237 1721 que
259 1654 604 1721 praestitere.
662 1654 1020 1714 Onesicritus,
1044 1652 1242 1703 classis
1264 1652 1384 1706 eius
1407 1653 1746 1721 praefectus,

128 1722 460 1789 elephantos
482 1723 564 1774 ibi
585 1722 822 1776 maiores
842 1721 1357 1790 bellicosioresque,
1398 1738 1562 1789 quam
1579 1724 1637 1775 in
1661 1722 1745 1773 111-

102 1792 243 1855 .dia,
265 1792 422 1861 gigni
445 1792 668 1858 scripsit
689 1808 702 1841 ε
743 1791 1137 1859 Megasthenes
1161 1791 1384 1844 flumine
1408 1791 1612 1856 dividi,
1655 1793 1741 1843 in·

127 1862 389 1929 colasque
411 1860 796 1929 palaeogonos
819 1860 1113 1927 appellari,
1132 1861 1255 1911 auri
1279 1861 1740 1928 margaritarum·

127 1945 238 1999 que
259 1929 549 1998 grandium
572 1930 892 1991 fertiliores,
913 1945 1076 1996 quam
1101 1930 1282 1980 lnd'os.
1337 1929 1741 1983 Eratosthenes

125 2008 188 2053 et
207 2015 517 2051 mensuram
538 1999 807 2066 prodidit,
828 1998 1202 2067 longitudinis
1222 2000 1272 2052 V
1276 1998 1322 2051 11
1341 1999 1420 2050 M.
1443 2000 1587 2051 stad.
1613 1999 1742 2053 lati·

126 2069 336 2122 tudinis
358 2070 595 2136 quinque
619 2068 695 2120 Μ.
719 2083 820 2119 nec
839 2069 1005 2119 urbes
1028 2084 1170 2131 esse,
1210 2068 1306 2120 sed
1338 2070 1490 2121 vicos
1533 2072 1740 2136 septin-

124 2143 345 2206 gentos.
417 2138 618 2204 Incipit
637 2138 707 2189 ab
730 2139 850 2188 Eoo
875 2139 1033 2200 mari,
1071 2139 1220 2189 inter
1244 2143 1427 2198 ortum
1452 2153 1735 2190 occasum-

124 2223 234 2275 que
257 2206 404 2258 Solis
427 2207 616 2259 Indiae
639 2213 958 2273 praetenta,
981 2213 1037 2260 et
1071 2207 1344 2273 quondam
1371 2207 1590 2259 credita
1631 2207 1739 2260 XX

124 2276 342 2328 dierum
366 2277 722 2344 navigatione
744 2291 778 2326 a
800 2275 1064 2328 Prasiana
1097 2282 1264 2345 gente
1295 2276 1509 2327 distare
1531 2295 1543 2328 τ
1588 2290 1741 2341 mox„

123 2346 260 2414 quia
280 2346 609 2413 papyraceis
631 2347 878 2407 navibus,
902 2347 1367 2413 armamentisque
1386 2346 1502 2397 Nili
1526 2352 1739 2413 petere·

121 2422 233 2476 tur,
254 2415 324 2466 ad
347 2422 661 2466 nostrarum
685 2417 905 2466 navium
926 2430 1147 2479 cursus,
1189 2416 1295 2474 Vll
1334 2416 1547 2467 dierum
1569 2415 1740 2467 inter·

121 2483 276 2535 vallo
300 2490 512 2536 taxato.
567 2485 727 2536 Mare
746 2482 985 2534 interest
1002 2484 1267 2536 vadosum
1282 2523 1300 2550 ,
1323 2486 1468 2538 senis
1493 2500 1737 2540 nonam·

122 2553 274 2620 plius
297 2553 613 2604 altitudinis
636 2554 892 2624 passibus
907 2588 924 2613 ,
967 2552 1065 2603 sed
1111 2556 1279 2606 certis
1322 2556 1612 2608 canalibus
1653 2554 1737 2607 ita

118 2622 481 2691 profundum,
504 2628 568 2672 ut
591 2622 778 2673 nullae
802 2636 1041 2673 ancorae
1062 2621 1247 2673 sidant
1268 2639 1282 2672 τ
1316 2625 1399 2676 'ob
1420 2626 1474 2676 id
1500 2624 1735 2676 navibus

117 2691 384 2761 utrinque
401 2705 617 2759 prorae,
659 2706 728 2743 ne
752 2705 853 2757 per
870 2690 1154 2758 angustias
1178 2692 1322 2744 alvei
1344 2694 1642 2763 circumagi
1659 2693 1738 2744 sit
