2009 3025
41 0 44 84 ῐ

37 87 44 234 Ι
107 195 114 200 .
205 162 503 216 NATUR.
563 153 1505 232 iilsToR.=1,113.-11.73—25.
1576 180 1678 233 201

101 266 213 318 dem
231 266 538 320 Alexandri
567 286 772 324 cursor·
788 273 1137 339 Philonides,
1174 275 1520 346 ex-.Sicyone
1552 283 1679 334 Elin

99 336 237 386 mille
268 342 339 402 et·
363 336 620 391 ducents
643 343 825 396 stadia
857 360 1053 397 novem
1086 344 1197 397 diei
1228 346 1473 398 confecit
1500 348 1680 402 horis:

100 405 338 471 indeque,
375 411 623 472 quamvis
654 411 858 464 declivi
893 416 1094 468 itinere
1114 450 1131 478 ‚
1157 416 1341 470 ‚tertia
1374 418 1552 469 noctis
1585 418 1683 470 ho-

98 488 168 525 ra
183 488 465 541 mensus
488 484 574 528 est
595 482 835 546 saepius.
873 486 1070 545 Causa,
1093 484 1413 549 quodwunti
1438 500 1563 537 cum
1586 485 1685 538 So·

97 542 264 596 le-iter
283 549 430 598 erat:
456 548 689 600 eundem
711 565 964 603 remeans
980 550 1203 603 obvium
1223 555 1507 606 contrario
1531 570 1688 621 prao-

98 614 421 665 invertebat
444 627 692 668 occursu.
718 617 855 681 'Qua
876 619 944 671 de
956 636 1134 673 causa
1151 621 1228 672 ad
1250 635 1503 674 oceasum
1531 623 1684 678 navi·

98 688 295 749 gantos,
319 686 588 748 -quamvis
607 686 933 739 brevissimo
960 690 1072 752 die,
1103 690 1334 741 vincunt
1363 692 1547 757 spatia
1582 707 1678 744 no·

29 789 32 812 ÷
97 757 308 801 oturnae
331 752 735 818 navigationisr
757 764 820 808 ut
841 756 1026 810 Solem
1058 758 1239 823 ipsum
1263 763 1610 816 comitantes·

105 865 114 872 .
153 819 400 874 Lxxlv.
447 822 707 889 vasaque
745 822 1062 892 horoscopa
1099 842 1207 878 non
1230 828 1446 894 -ubique
1484 829 1680 882 eadem

96 896 206 940 sunt
226 889 367 951 usui,
388 889 445 941 in
463 893 731 944 trecentis
749 895 970 956 stadiis,
1001 901 1120 957 aut,
1152 901 1214 946 ut
1240 895 1581 963 longissime,
1619 898 1680 949 in

96 958 418 1025 quingentis,
462 963 998 1019 mutantibussemct
1032 964 1239 1016 umbris
1263 962 1431 1015 Solis.=
1485 968 1680 1033 ltaque

97 1027 331 1080 umbilici
354 1031 536 1094 (quem
561 1034 1230 1099 gnomonemssappellant)
1253 1034 1481 1098 umbra‚.
1503 1035 1558 1085 in
1582 1037 1682 1087 Ae·

96 1102 254 1162 gypto
297 1098 603 1150 meridiano
647 1107 918 1167 tempore,
959 1103 1302 1169 aequinoctii
1341 1101 1429 1155 die
1453 1140 1468 1165 ,
1508 1103 1680 1170 paulo

96 1165 206 1231 pius
239 1180 402 1232 quam
435 1167 1036 1236 dimidiam‘gnomonis
1059 1185 1371 1224 mensuram
1393 1171 1580 1225 efficitz
1620 1172 1681 1223 In

95 1234 218 1285 urbe
240 1235 774 1304 Roma-nonepars
809 1241 1104 1306 gnomonis
1141 1241 1300 1292 deest
1319 1243 1565 1294 umbrae.
1617 1242 1681 1294 ln

96 1302 284 1369 oppido
303 1305 525 1357 Ancone
546 1314 794 1373 superest
814 1310 1025 1375 quinta.
1061 1309 1293 1361 Decima
1311 1311 1367 1360 in
1390 1318 1553 1375 parte
1577 1310 1680 1361 lta-

94 1371 207 1435 liae,
248 1387 391 1438 quae
409 1373 666 1428 Venetia·
685 1377 1032 1444 appellaturr
1057 1378 1265 1431 eisdem
1307 1376 1462 1429 horis
1482 1379 1683 1429 umbra

19 1489 22 1500 „
95 1442 347 1507 gnomoni
368 1443 568 1509 pariit.

19 1556 22 1561 .
152 1510 374 1564 Lxxv.
430 1513 616 1566 Simili
656 1509 1096 1567 modo-trallunt
1149 1517 1204 1566 in
1232 1514 1415 1581 Syene
1458 1514 1679 1579 oppido,

19 1568 22 1595 ²
91 1582 229 1646 quod
247 1587 349 1633 -est
386 1598 557 1650 supra
599 1583 989 1636 Alexandriam
1024 1583 1266 1649 quinque
1288 1582 1530 1635 millibus
1548 1590 1676 1662 'sta-

89 1648 297 1702 diorum
318 1686 338 1714 ,
376 1652 605 1705 solstitii
647 1653 738 1704 die
777 1652 963 1703 medio
1005 1651 1214 1702 nullam
1250 1650 1501 1721 umbram
1543 1652 1677 1702 iaci:

87 1726 412 1788 puteumque
454 1725 573 1773 eius
603 1722 976 1789 experimenti
1011 1721 1197 1787 gratia
1217 1718 1424 1771 factum
1444 1755 1463 1781 ,
1499 1725 1681 1771 totum

85 1784 406 1842 illuminari-‚⁴
451 1794 536 1844 Ex
557 1805 665 1856 quo
686 1805 972 1856 apparere,
993 1788 1317 1842 tum-Solem
1341 1788 1426 1838 illi
1448 1789 1571 1839 loco
1590 1803 1681 1838 su·
1770 1820 1783 1825 -

86 1870 179 1922 pra
194 1861 632 1912 verticemessffl
655 1860 800 1926 quod
826 1865 883 1912 et
905 1857 1134 1910 inludia
1155 1873 1325 1924 supra
1347 1856 1548 1910 flumen
1564 1857 1680 1924 Hy·

85 1928 229 1991 pasin
263 1928 384 1979 fieri
406 1936 655 1996 tempore
677 1928 873 1982 eodem
894 1929 1237 1982 Onesicritus
1259 1929 1500 1996 scripsit.
1539 1927 1678 2006 (Jon-

85 2001 296 2062 statque
326 1997 387 2047 in
411 1997 688 2050 Berenice
723 1997 864 2051 urbe
898 1998 1370 2064 Troglodytarum
1397 2032 1412 2058 ‚
1448 1994 1677 2048 etinde
1720 2048 1725 2053 ,

83 2064 272 2116 stadiis
304 2071 546 2132 quatuor
579 2067 833 2117 millibus
862 2066 1162 2118 Dcccxx
1181 2067 1236 2116 in
1277 2066 1469 2117 eadem
1491 2069 1677 2142 gente,

81 2129 417 2186 Ptolemaide
441 2135 667 2201 oppido,
698 2135 843 2202 quod
867 2136 925 2187 in
945 2135 1198 2200 niargine
1218 2134 1397 2186 Rubri·
1411 2146 1585 2183 maris
1607 2131 1679 2182 ad

83 2201 284 2265 primos
324 2201 746 2269 elephantorum
787 2210 1021 2259 venatus
1068 2203 1353 2254 conditum
1403 2205 1514 2259 est,
1572 2199 1676 2251 hoc

80 2268 217 2323 idem
238 2278 370 2324 ante
390 2272 696 2326 solstitium
721 2272 1091 2339 quadragenis
1108 2272 1291 2338 quinis
1314 2271 1525 2348 diebus3
1548 2272 1675 2320 toti·

78 2335 307 2406 demque
329 2347 530 2407 postea
545 2342 696 2405 fiel-53
736 2349 793 2393 et
815 2356 914 2407 per
932 2356 1033 2409 eos
1053 2340 1149 2390 XC
1171 2340 1293 2391 dies
1307 2340 1365 2390 in
1388 2336 1674 2390 meridiem

75 2409 295 2461 umbras
316 2410 444 2461 iaci.
482 2410 693 2462 Rursus
714 2412 770 2461 in
789 2410 982 2460 Meroe
1014 2408 1225 2475 (insula
1243 2409 1381 2460 haec
1401 2412 1674 2472 caputque

69 2477 248 2591 gentis
290 2475 626 2545 Aethiopum
643 2514 661 2540 ,
758 2478 964 2543 uinque
1011 2477 1257 2529 millibus
1304 2475 1609 2533 stadiorum
1644 2490 1679 2525 a

102 2558 252 2608 ysne
288 2544 350 2597 in·
382 2562 544 2599 amne
573 2547 707 2599 Nilo
781 2547 1086 2606 abitaturz)
1136 2547 1222 2598 bis
1263 2560 1409 2596 anno
1458 2545 1676 2601 absumi

66 2614 307 2676 umbras,
321 2614 454 2667 Sole
477 2615 980 2668 duodevicesimam
995 2614 1169 2667 'l'auri
1190 2621 1423 2679 partem,
1436 2621 1494 2666 et
1508 2628 1670 2680 quar·

65 2682 462 2738 tamdecimam
491 2684 700 2738 Leonis
722 2683 1028 2739 obtinente.
1064 2685 1125 2737 In
1147 2683 1335 2739 Indiae
1355 2690 1520 2752 gente
1541 2683 1672 2736 Ore·
