2009 3025
158 102 173 127 ⁸
272 116 441 197 324’.·
568 92 579 97 ’
652 138 713 193 c.
783 134 1508 201 smmi-secunm

270 242 460 313 fregit,
500 241 838 311 Euphraten,
878 248 994 292 tum
1017 236 1235 309 Quoque
1251 254 1520 292 saxosum
1563 254 1644 291 ae
1676 238 1890 292 violeti-
1995 254 1996 291 i

272 322 409 366 tum.
467 315 733 382 ‘Arabiam
756 312 883 363 inde
905 312 1091 372 laeva,
1130 308 1547 362 Omen-dictam
1570 311 1891 376 regionem,

273 381 589 435 trischoena
612 397 894 441 mensura,
917 381 1223 445 dextraque
1247 380 1656 444 Commagenen
1683 379 1892 431 dister-
1995 390 1996 433 3

272 453 477 516 minat;
518 452 700 518 pontis
723 457 937 512 tamen,
980 449 1151 500 etiam
1177 446 1274 499 nbi
1292 449 1539 498 Taurum
1579 436 1890 514 expugnat,

242 520 255 527 “
273 522 509 589 patiens.
547 519 702 586 Apud
723 518 1107 584 Claudiopolin
1126 514 1531 582 Cappadociae,
1559 531 1794 567 cursum
1817 516 1892 567 ad

252 594 537 641 ‘occasum
559 587 707 640 Solis
729 591 874 656 agit.
893 587 1145 638 >Primum
1167 583 1315 636 hunc
1331 584 1418 634 illi
1441 585 1497 635 in
1519 600 1712 652 pugna
1731 587 1888 637 Tau·
1995 598 1996 659 ᾖ

277 674 370 710 rus
394 657 604 710 aufert:
629 657 914 724 victusque
935 663 992 707 et
1013 654 1292 707 abscissus
1312 653 1553 716 sibimet,
1572 654 1689 705 alio
1714 653 1894 706 modo

274 728 466 788 vincit,
489 742 555 779 ae
577 726 812 778 fractum
827 724 1067 793 expellit
1085 725 1140 774 in
1163 722 1473 777 meridiem.
1535 724 1625 774 lta
1645 730 1891 775 naturae
1995 748 1996 761 π

275 796 567 861 dimicatio
587 795 689 848 illa
708 801 996 861 aequatur,
1017 792 1123 844 hoc
1144 799 1313 845 eunte
1338 806 1448 860 quo
1467 791 1608 855 vult,
1622 792 1738 842 :illo
1765 807 1890 857 pro·

240 884 245 889 ’
274 863 498 917 bibente
523 864 605 917 ire
629 879 740 931 qua
758 864 914 916 velit.
946 874 951 877 ’
984 864 1031 915 A
1052 863 1391 914 catarractis>
1407 860 1617 913 iterum
1656 862 1890 928 naviga-⁷

273 939 395 997 tur3
438 932 538 985 XL
577 934 666 989 M.
696 947 955 1001 passuum
996 931 1127 984 inde
1150 933 1556 997 Commagenes
1578 938 1755 998 caput
1789 932 1878 983 Sa-

274 1010 508 1054 mosata.
582 1006 589 1011 ”

342 1071 491 1122 XXI.
526 1069 731 1122 Arabia
754 1085 924 1137 supra
949 1069 1117 1131 dicta,
1135 1067 1305 1119 habet
1325 1066 1562 1133 oppida:
1587 1067 1884 1128 Edessam,

271 1153 417 1260 puae
456 1138 735 1205 quondam·
770 1138 1064 1190 Antiochia
1105 1139 1411 1198 dicebatur,
1452 1134 1814 1200 Callirrhoen
1848 1151 1882 1187 a

300 1213 429 1258 onte
454 1209 815 1258 nominatam:
839 1206 1077 1259 Carrhas
1097 1206 1255 1259 elade
1279 1205 1463 1258 Crassi
1483 1204 1738 1256 nobiles.
1764 1206 1881 1259 lun·

271 1277 424 1345 gitur
445 1274 796 1340 praefectura
813 1276 1306 1341 Mesopotamiae‚·
1325 1274 1606 1342 originem·
1621 1275 1692 1325 ab
1715 1276 1878 1340 Assy·

272 1346 373 1398 riis
397 1343 641 1407 trahens,
684 1346 742 1397 in
763 1360 872 1413 qua
892 1343 1258 1396 Anthemusia
1277 1350 1335 1395 et
1354 1342 1874 1410 Nicephorium-op·

271 1414 421 1483 pida.
493 1414 629 1466 Mox
648 1415 877 1478 Arabes,
898 1415 992 1481 qui
1015 1415 1212 1465 Retavi
1229 1419 1525 1464 vocantur:
1566 1409 1772 1464 horum
1794 1427 1879 1464 ca-

271 1491 374 1553 put
395 1482 644 1552 Singara.
677 1485 724 1536 A
742 1483 1049 1537 Samosatis
1062 1489 1275 1547 antem,
1295 1482 1475 1537 latere
1497 1480 1722 1548 Syriae,
1732 1481 1880 1533 Mar·

272 1569 403 1623 syas
425 1553 601 1605 amnis
625 1554 820 1606 influit.
857 1553 1097 1620 Cingilla
1118 1555 1522 1618 Commagenen
1542 1551 1682 1613 finit,
1707 1551 1880 1604 lmme

271 1624 470 1676 civitas
489 1624 704 1691 incipit.
775 1623 993 1689 Oppida
1035 1622 1320 1676 alluuntur
1343 1619 1746 1689 Epiphania-et
1776 1623 1883 1672 An-

269 1691 500 1756 tiochia,
521 1691 763 1761 quaexad
778 1690 1107 1759 Euphraten
1127 1696 1412 1743 vocantur.
1447 1692 1586 1742 ltem
1611 1691 1883 1759 Zeugma,

268 1761 476 1814 LXXll
498 1763 747 1815 millibus
766 1765 1028 1827 passuum
1055 1776 1089 1812 a
1111 1760 1421 1813 Samosatis
1436 1795 1455 1821 ,
1495 1759 1743 1811 transitu
1769 1760 1884 1810 Eu·

269 1830 488 1898 phratis
509 1832 709 1898 nobile.
750 1831 833 1882 Ex
855 1830 1088 1883 adverso
1104 1831 1390 1896 Apamiam
1413 1826 1699 1890 Seleucus,
1723 1828 1882 1881 idem

268 1900 556 1966 utriusque
580 1899 869 1961 conditor,
899 1905 1068 1966 ponte
1085 1899 1355 1951 iunxerat.
1377 1955 1385 1966 ,
1404 1947 1410 1950 ,
1428 1898 1536 1959 Qui
1569 1896 1884 1950 cohaerent

200 2006 212 2032 =
251 1969 707 2035 'Mesopotamiae
722 2004 736 2029 ,
780 1966 977 2020 Rhoali
998 1974 1290 2020 vocantur.
1359 1965 1697 2034 AtvinSyria
1721 1966 1880 2032 oppi-

180 2058 188 2063 ·
220 2029 234 2042 '
257 2037 356 2100 da,
382 2038 682 2101 Europum,
702 2035 1054 2104 Thapsacum
1079 2035 1354 2103 quondam
1368 2073 1385 2099 ,
1405 2051 1550 2087 nunc
1566 2034 1878 2103 Amphipo-
1995 2081 1996 2090 ,

264 2107 355 2159 lis.
424 2104 632 2157 Arabes
653 2104 928 2159 Scenitae.
966 2107 1052 2158 lta
1075 2106 1255 2158 fertur
1271 2120 1444 2170 usque
1469 2104 1635 2155 Uram
1665 2104 1906 2169 locum„

263 2176 323 2227 in
347 2188 453 2242 quo
480 2187 772 2225 conversus
795 2174 864 2227 ad
884 2176 1167 2230 Orientem
1205 2174 1470 2240 relinquit
1501 2172 1706 2241 Syriae
1745 2172 1880 2225 Pal·

263 2244 509 2296 mirenas
537 2242 892 2306 solitudines,
935 2259 1076 2311 quae
1098 2257 1271 2311 usque
1298 2241 1368 2293 ad
1389 2242 1611 2295 Petram
1643 2241 1881 2307 urbem,

266 2318 323 2365 et
342 2311 625 2378 regionem
646 2313 884 2364 Arabiae
905 2312 1106 2365 Felicis
1130 2312 1461 2379 appellatae,
1482 2312 1802 2378 pertinens·

310 2380 573 2431 -Palmira
602 2384 732 2434 urbs
765 2383 968 2433 nobilis
1008 2382 1134 2442 situ,
1180 2381 1388 2431 divitiis
1427 2380 1562 2443 soli,
1608 2385 1665 2431 et
1708 2380 1878 2447 aquis

264 2448 530 2510 amoenis,
550 2457 711 2502 vasta
730 2450 970 2517 undique
991 2451 1200 2501 ambitu
1220 2451 1402 2501 arenis
1423 2448 1879 2518 includit'agroS,

261 2531 328 2567 ac
347 2515 500 2569 velut
519 2520 683 2569 terris
707 2525 925 2571 exemta
944 2534 978 2569 a
1003 2533 1187 2571 rerum
1210 2524 1429 2579 natura,
1461 2518 1688 2585 ,privata
1711 2525 1879 2571 sorte

258 2584 411 2640 inter
428 2584 534 2636 duo
560 2587 791 2653 imperia
821 2598 1058 2649 summa,
1102 2585 1478 2640 Romanorum
1494 2586 1871 2638 Parthorum-

260 2666 385 2718 que,
399 2661 456 2706 et
476 2656 654 2721 prima
676 2655 737 2704 in
758 2654 1041 2707 discordia
1060 2670 1278 2722 semper
1296 2657 1552 2725 utrinque
1567 2671 1723 2709 cura.
1761 2657 1873 2709 Ab·
