2009 3025
259 92 421 173 ¹302
653 122 713 172 c.
781 72 1106 173 PLlNli
1176 85 1607 172 secumm

238 287 247 293 ι
318 228 536 286 meatu,
574 221 764 289 inquo
789 221 1045 274 draconis
1066 220 1352 274 custodiae
1374 220 1551 273 instar
1570 219 1747 273 fuisse
1782 235 1921 274 nune

316 291 772 358 interpretantur.
843 292 1209 359 Amplectitur
1226 289 1455 353 intra-se
1474 290 1738 352 insulam,
1760 305 1925 357 quam

319 361 495 411 solam
519 375 549 412 e
571 362 753 411 vicino
776 365 959 413 tractu
971 353 1259 427 aliquanto
1273 358 1724 420 excelsiore,non
1734 366 1926 414 tumen

319 436 508 481 aestus
521 430 690 479 maris
700 427 946 480 inundat.
970 429 1175 480 Exstat
1186 429 1244 478 in
1258 442 1327 479 ea
1346 433 1404 479 et
1424 442 1522 478 ara
1533 428 1818 491 Herculis,
1828 444 1926 481 nec

320 503 544 565 praeter
563 498 837 549 oleastros
856 495 1040 559 aliud,
1078 512 1146 549 ex
1166 502 1398 548 narrato
1416 496 1519 547 illo
1542 495 1795 548 aurifero
1832 512 1926 548 ne·

320 580 497 618 more.
536 566 722 617 Minus
745 565 999 630 profecto
1020 567 1294 618 mirentur
1313 571 1645 630 portentosa
1658 565 1931 617 Graeciae

321 632 703 687 mendacia'de
723 634 796 685 iis
814 641 871 686 et
892 648 1051 686 amne
1073 634 1219 685 Lixo
1248 633 1501 699 prodita,
1545 634 1641 701 qui
1680 636 1934 702 cogitent

323 710 548 772 nostros
567 717 744 769 nuper
765 704 932 770 paulo
954 705 1134 754 minus
1147 701 1509 754 -monstrifica
1548 702 1826 769 quaedam
1863 702 1933 754 de

273 776 286 789 ⁸
323 770 521 824 iisdem
543 772 854 825 tradidisse.
881 826 889 837 ,
924 771 1311 825 Praevalidam
1347 769 1490 822 hanc
1522 770 1715 823 urbem
1752 771 1929 823 maio·

322 854 548 907 remque
593 841 933 910 Carthagine
972 855 1200 915 magnas
1240 846 1545 907 praeterea
1567 855 1657 891 =ex
1692 841 1931 893 adverso

266 956 278 961 -
324 910 445 961 eius
467 911 650 972 sitam,
671 918 729 962 et
752 925 923 978 prope
944 911 1213 962 immenso
1236 913 1426 969 tractu
1450 911 1519 960 ab
1542 909 1737 975 Tingi:
1763 924 1929 976 quae·

324 991 431 1044 que
467 978 583 1030 alia
605 980 899 1030 Cornelius
920 979 1111 1045 Nepos
1158 978 1480 1033 avidissime
1521 977 1777 1033 credidit.
1847 977 1929 1030 Ab

321 1045 469 1098 Lixo
501 1046 603 1097 XL
641 1049 721 1099 M.
742 1050 796 1098 in
818 1048 1226 1100 mediterraneo
1246 1046 1429 1099 altera
1450 1047 1688 1114 Augusti
1710 1047 1931 1098 colonia

325 1121 411 1167 est
430 1115 642 1176 Babba,
680 1116 821 1168 Iulia
845 1117 1181 1182 Campestris
1201 1116 1506 1182 appellata:
1549 1123 1607 1167 et
1628 1116 1803 1167 tertia
1819 1115 1928 1167 Ba-

325 1197 478 1243 nasa,
492 1182 696 1233 LXXV
712 1185 806 1244 M„
817 1185 1080 1236 Valentia
1097 1185 1507 1253 cognominata.
1527 1185 1609 1235 Ab
1626 1199 1694 1237 ea
1717 1180 1929 1241 XXXV

325 1249 402 1299 M.
423 1265 589 1315 pass-H
609 1250 870 1302 Volubile
894 1253 1175 1317 oppidum,
1214 1254 1535 1305 tantundem
1562 1269 1596 1303 a
1618 1251 1764 1304 mari
1781 1258 1926 1303 utro·

327 1331 430 1384 que
455 1318 684 1370 distans.
722 1322 792 1371 At
813 1321 868 1369 in
893 1334 994 1371 ora
1013 1335 1048 1372 a
1068 1321 1215 1372 Lixo
1240 1322 1637 1387 quinquaginta
1656 1321 1733 1372 M.
1754 1321 1923 1373 amuis

284 1389 289 1394 ’
326 1385 521 1448 Subur,
543 1394 767 1453 praeter
785 1389 1064 1443 Banasam
1087 1390 1358 1443 coloniam
1383 1390 1648 1454 defluens,
1668 1389 1923 1458 magnili-

328 1471 422 1506 cus
444 1462 503 1508 et
525 1457 870 1525 navigabilis.
940 1459 1022 1509 Ab
1046 1474 1111 1512 eo
1134 1459 1374 1519 totidem
1396 1460 1473 1510 M.
1495 1474 1639 1526 pass.
1662 1459 1929 1527 oppidum

324 1525 477 1588 Sala,
503 1526 745 1579 eiusdem
767 1530 1004 1579 nominis
1027 1528 1195 1580 fluvio
1215 1529 1558 1596 impositum,
1594 1529 1707 1579 iam
1731 1529 1929 1581 solitu·

313 1594 545 1648 dinibus
586 1597 857 1659 vicinum,
909 1597 1439 1665 elephantorumque
1476 1598 1747 1666 gregibus
1788 1597 1928 1651 infe·

323 1670 496 1729 stum3
517 1666 691 1717 multo
712 1672 899 1718 tamen
915 1667 1091 1734 magis
1107 1667 1431 1720 Autololum
1452 1676 1635 1734 gente,
1645 1681 1750 1732 per
1767 1681 1930 1734 quan

228 1769 237 1790 ,
323 1733 435 1785 iter
455 1740 540 1785 est
571 1734 644 1785 ad
677 1742 921 1787 montem
943 1736 1164 1788 Africae
1196 1736 1287 1787 vel
1315 1735 1824 1800 fabulosissimum,
1865 1739 1933 1790 A·

324 1801 578 1855 tlantem.
602 1804 648 1854 E
673 1805 869 1857 mediis
891 1803 1038 1857 hunc
1060 1805 1246 1856 arenis
1265 1806 1323 1856 in
1348 1805 1561 1857 caelum
1586 1806 1779 1859 attolli
1799 1817 1930 1872 pro-

325 1869 602 1934 diderunt,
625 1889 902 1939 asperum,
925 1875 1293 1941 squalentem,
1315 1889 1426 1942 qua
1446 1881 1642 1941 vergat
1661 1875 1739 1927 ad
1761 1875 1934 1928 litura

327 1944 536 2003 oceani,
559 1944 647 1993 cui
669 1956 974 2009 cognomen
994 1943 1292 2008 imposuit:
1315 1943 1550 1995 eundem
1572 1958 1814 2011 opacum
1835 1957 1932 1998 ne·-

325 2022 735 2074 morosumque‚
758 2015 832 2062 'et
851 2013 1117 2064 scatebris
1139 2012 1378 2064 fontium
1398 2012 1635 2079 riguum,
1674 2027 1790 2079 qua
1807 2025 1931 2080 spo·

329 2083 447 2128 ctat
466 2075 704 2127 Africam
720 2112 735 2139 ‚
772 2077 1050 2132 fructibus
1072 2083 1312 2132 omnium
1333 2096 1595 2149 generum
1616 2088 1824 2147 sponte
1851 2081 1934 2136 iu

329 2145 808 2211 subnascentibus,
850 2155 914 2200 ut
953 2166 1232 2217 nunquam
1274 2151 1506 2202 satietas
1543 2150 1938 2217 voluptatibus

331 2213 492 2266 desit.
582 2216 889 2267 incolarum
931 2221 1208 2270 neminem
1235 2220 1492 2271 interdiu
1531 2220 1707 2271 cerni:
1762 2219 1942 2278 sibu

329 2283 531 2344 omnia,
553 2281 698 2334 haud
719 2286 847 2345 alio,
871 2301 1036 2353 quam
1059 2279 1438 2350 solitudinum,
1462 2287 1723 2341 horrore:
1743 2286 1940 2343 subm

329 2349 559 2400 tacitam
610 2351 935 2418 religionem
999 2356 1217 2407 animos
1263 2358 1487 2423 propius
1527 2357 1947 2422 accedentium,

329 2423 654 2483 praeterque
677 2419 963 2474 horrorem
988 2425 1122 2476 elati
1143 2437 1317 2490 super
1332 2424 1541 2487 nubila,
1573 2432 1746 2493 atque
1766 2426 1838 2479 in
1859 2427 1947 2480 vi·

234 2512 245 2550 3
330 2482 527 2535 ciniam
548 2488 757 2539 lunaris
778 2490 990 2542 circuli.
1041 2493 1289 2544 Eundem
1311 2494 1565 2553 noctibus
1586 2495 1803 2548 micare
1825 2511 1951 2550 ere-

238 2561 243 2624 ]
327 2550 445 2602 bris
468 2554 715 2621 ignibus,
757 2559 1095 2625 Aegipanum
1119 2559 1555 2629 Satyron-umque
1575 2564 1820 2617 lascivia.
1840 2567 1948 2618 iu-

330 2619 501 2688 pleri,
538 2626 798 2676 tibiarum
829 2641 896 2680 ac
928 2628 1151 2682 fistulae
1180 2637 1381 2695 cantu,
1418 2637 1948 2702 tympanorumque
