2009 3025
213 81 521 139 NATUR.
569 73 930 169 *nisu-on.
999 70 1668 167 L1n.‘n.63.o4.'193

56 187 309 259 gannim
369 200 469 241 nos
511 184 649 236 illud
703 185 855 236 vitae
905 184 1140 237 fecimus
1193 180 1472 239 venenum.
1541 187 1669 240 Non

64 258 226 312 enim
264 261 322 307 et
362 254 517 307 ferro
540 289 555 316 ,
617 266 725 321 quo
751 264 957 306 'carere
1000 269 1108 314 non
1152 262 1439 320 possumus
1462 291 1478 317 ,
1515 256 1665 308 simi-

67 327 122 379 li
167 323 331 377 modo
372 322 613 374 utimur'i
665 321 782 372 Nec
829 328 1014 375 tamen
1055 336 1407 388 quereremur
1447 325 1668 391 merito,

72 394 306 448 etiamsi
343 391 634 442 maleficii,
662 406 828 442 causa
885 392 1141 442 tulisset:
1201 391 1462 443 adversus
1503 406 1670 445 unam

29 498 44 517 Ι
70 464 281 531 quippe
319 468 556 512 naturae
601 464 812 524 partem
856 460 1067 528 ingrati
1105 475 1308 511 sumus.
1373 462 1525 522 Quas
1563 476 1673 513 non

69 532 148 584 ad
191 530 423 583 delicias
439 550 472 591 ‚·
493 542 738 595 quasque
770 543 878 578 non
904 530 971 579 ad
996 529 1356 580 contumelias
1376 529 1549 581 servit
1572 527 1671 579 ho·

69 599 249 651 minii
286 599 349 649 ln
388 601 565 648 mania
605 596 822 658 iacitur,
859 603 971 658 aut,
1002 603 1065 647 ut
1107 595 1258 650 freta
1294 596 1673 659 admittamus,

71 668 328 722 eruditur
362 668 520 734 aquis
533 683 554 715 ,ε
596 664 776 726 ferro,
812 665 1001 732 ligno,
1039 667 1193 732 igne,
1231 666 1417 732 lapide
1438 702 1453 728 ‚
1494 665 1672 732 fruge,

71 735 629 801 omnibusxcruciatur
650 733 820 795 horis,
861 734 1146 801 multoque
1173 734 1313 800 plus,
1354 740 1417 785 ut
1441 734 1672 794 deliciis,

71 821 246 875 quam
283 811 346 855 ut
385 803 666 855 alimentis
708 802 1009 854 famuletur
1028 805 1248 854 nostris.
1305 802 1425 854 Nisi
1469 809 1672 869 tamen,

71 889 219 942 quae
242 887 459 924 summa
476 871 739 938 patiatur,
767 877 932 938 atque
956 879 1206 923 extrema
1229 879 1370 933 cute,
1412 873 1685 937 tolerabiq

69 944 153 995 lia
182 943 491 994 videantur.
527 939 888 992 Penetramus
921 941 979 991 in
998 940 1234 1001 viscera,
1273 941 1395 991 auri
1436 943 1676 1007 argenti-

74 1027 185 1079 que
227 1026 435 1071 venas,
476 1013 533 1061 et
566 1009 715 1061 aeris
754 1025 821 1060 ac
862 1008 1071 1076 plumbi
1112 1009 1341 1060 metalla
1371 1009 1672 1062 fodientes:

71 1095 325 1148 gemmas
367 1082 616 1131 etiampet
636 1079 897 1144 quosdam
920 1080 1180 1144 parvulos
1203 1079 1514 1144 quaerimus
1536 1079 1676 1144 lapi-

70 1152 195 1212 des,
234 1148 518 1200 scrobibus
539 1149 596 1198 in
620 1147 947 1213 profundum
971 1147 1131 1198 actis.
1187 1148 1420 1200 Viscera
1443 1150 1559 1215 ejus
1581 1163 1674 1198 ex-

67 1218 386 1278 trahimus,
426 1221 492 1267 ut
532 1217 709 1282 digito
749 1222 999 1283 gestetur
1036 1231 1289 1284 gemma,
1330 1232 1493 1283 quam
1537 1219 1675 1282 peti-

68 1302 219 1338 mus.
256 1288 408 1346 Quot
427 1299 621 1335 manus
642 1290 970 1346 atteruntur,
1011 1293 1074 1336 ut
1102 1301 1240 1337 unus
1261 1287 1439 1338 niteat
1469 1288 1674 1338 articu-

63 1355 196 1406 lus!
243 1353 303 1403 Si
325 1351 427 1401 ulli
459 1358 645 1404 essent
665 1353 849 1413 inferi,
888 1355 1000 1405 iam
1041 1353 1291 1418 profecto
1330 1354 1459 1406 illos
1495 1355 1678 1406 avari·

21 1434 24 1481 3
65 1424 197 1475 tiae
239 1424 404 1485 atque
444 1418 717 1471 luxuriae<
740 1420 977 1471 cuniculi
1019 1420 1365 1472 refudissent.
1403 1426 1476 1475 Et
1498 1424 1668 1473 mira-

66 1503 205 1546 mur
246 1490 294 1539 si
315 1485 505 1539 eadem
528 1487 599 1539 ad
621 1503 823 1539 noxam
849 1487 1043 1553 genuit
1063 1489 1272 1556 aliqua!
1309 1487 1484 1542 Ferae
1509 1493 1673 1552 enim,

70 1557 265 1619 credo,
309 1555 627 1607 custodiunt
667 1556 842 1616 illam,
888 1562 1184 1623 arcentque
1214 1559 1512 1623 sacrilegas
1554 1576 1669 1611 ma-

71 1645 200 1692 nus‘
238 1625 369 1678 Non
386 1625 533 1676 inter
554 1629 841 1690 serpentes
864 1622 1122 1685 fodimus,
1160 1632 1216 1674 et
1237 1639 1404 1676 venas
1426 1628 1543 1676 auri
1563 1635 1686 1693 tra-¹

76 1705 295 1756 ctamus
337 1709 462 1745 cum
513 1692 720 1743 veneni
758 1691 1073 1743 radicibus?
1133 1692 1446 1744 placatiore
1490 1699 1680 1750 tamen.

74 1765 203 1819 Dea
225 1763 296 1815 ob
334 1762 469 1825 hoc,
512 1760 659 1829 quod
695 1774 855 1811 omne
925 1759 984 1810 hi
1026 1760 1339 1826 opulentiae
1383 1762 1566 1813 exitus
1607 1762 1680 1813 ad

79 1835 321 1895 scelera,
363 1829 669 1897 caedesque
693 1825 751 1881 ἃ
771 1829 840 1881 be
889 1844 922 1880 a
942 1828 1210 1881 tendunt:
1254 1845 1524 1898 quamque
1555 1846 1678 1881 san·

25 1949 34 1964 x
79 1905 252 1970 gnine
274 1907 463 1953 nostro
483 1899 806 1967 irrigamus,
841 1898 1133 1963 insepultis
1167 1899 1380 1951 ossibus
1417 1899 1688 1966 tegimus„

21 2029 24 2044 .
80 1971 295 2035 Quibus
335 1976 518 2020 tamen
540 2004 556 2030 ‚
609 1967 763 2024 velut
804 1968 1139 2032 exprobrato
1180 1965 1406 2029 furore,
1448 1967 1676 2019 tandem

78 2039 205 2106 ipsa
236 2054 298 2090 se
338 2037 601 2099 obducit,
640 2043 698 2090 et
735 2035 947 2088 scelera
984 2051 1200 2104 quoque
1229 2036 1544 2088 mortalium
1586 2051 1675 2087 oc·

83 2109 278 2161 cultat.
312 2106 461 2158 Inter
501 2105 733 2156 crimina
774 2105 978 2172 ingrati
1008 2106 1178 2157 animi
1199 2111 1255 2158 et
1277 2104 1383 2157 hoc
1402 2104 1670 2167 duxerim,

81 2174 229 2243 quod
261 2181 517 2228 naturam
544 2175 665 2225 eius
686 2175 1021 2242 ignoramus.
1421 2172 1423 2175 ⁴

151 2238 351 2300 inv.
389 2245 491 2298 Est
511 2249 700 2295 autem
732 2241 909 2308 figura
928 2241 1134 2307 prima,
1182 2239 1253 2293 de
1290 2255 1398 2309 qua
1439 2255 1666 2294 consen·

80 2327 174 2365 sus
194 2312 419 2364 iudicat.
456 2309 656 2363 Orbem
683 2316 834 2361 certe
857 2308 1086 2361 dicimus
1106 2315 1307 2372 terrae,
1339 2309 1670 2378 globumque

81 2381 379 2434 verticibus
398 2380 609 2431 includi
630 2379 887 2441 fatemur.
938 2376 1128 2445 Neque
1151 2380 1300 2431 enim
1326 2379 1568 2431 absoluti
1590 2395 1674 2430 or-

82 2448 165 2503 bis
184 2456 272 2502 est
294 2449 489 2508 forma,
527 2449 582 2497 in
621 2453 779 2499 tanta
818 2445 1088 2497 montium
1132 2448 1475 2511 excelsitate,
1515 2455 1675 2499 tanta

85 2533 402 2585 camporum
423 2516 704 2583 planitie:
744 2513 842 2565 sed
881 2516 1036 2566 cuius
1075 2515 1372 2580 amplexus,
1409 2518 1460 2569 si
1486 2517 1669 2585 capita

84 2585 351 2708 lingarum
378 2583 909 2709 {mprffhmdanmr
933 2583 1158 2654 ambitu,
1189 2583 1419 2706 fiNguram
1450 2586 1667 2654 absolu·

207 2669 341 2710 ιη.
438 2670 540 2709 011.
606 2692 621 2708 .

1122 2799 1167 2820 *¹*
1356 2803 1375 2844 Ο
