2009 3025
298 138 406 194 316
702 140 762 193 c.
810 135 1091 193 ann
1134 118 1511 192 senonim

299 245 360 295 in
382 257 448 296 eo
470 246 655 295 tractu
676 243 1039 296 absumantur
1057 243 1305 295 umbrae.
1341 241 1632 309 Plerisque
1652 240 1912 311 ediverso
1991 250 1992 293 ζ

214 354 226 369 .
282 315 544 380 'opinatis
580 314 885 381 largiorem
922 310 1129 374 fluere,
1172 310 1244 365 ad
1278 312 1741 378 septemtrionem
1784 310 1915 365 Sole
1991 312 1992 337 ³

305 383 642 444 discedente,
666 382 893 449 quodin
911 383 1127 433 Cancro
1149 388 1207 432 et
1227 380 1420 433 Leone
1442 384 1655 443 evenit;
1677 381 1914 447 ideoque

303 463 441 504 tunc
469 452 649 503 minus
686 451 906 503 siccari.
978 450 1189 501 Rursus
1225 450 1282 500 in
1306 450 1701 516 Capricornum
1741 459 1801 502 et
1819 467 1912 503 au·

301 520 535 572 strinum
558 521 745 587 polu’m
770 525 994 572 reverso
1017 519 1265 579 sorberi:
1290 528 1352 570 et
1365 519 1517 571 obid
1537 520 1910 587 parciustlue·

302 605 384 641 re.
456 588 564 641 Sed
586 589 821 641 Timaeo
858 589 906 639 si
929 588 1055 655 quis
1079 586 1299 642 extrahi
1332 602 1499 655 posse
1520 589 1756 651 credat,
1791 604 1909 640 um-

301 659 522 710 brarum
547 657 802 710 defectus
822 658 889 708 iis
915 657 1112 709 diebus
1135 664 1191 709 et
1212 657 1353 710 locis
1372 658 1493 710 sine
1515 657 1623 710 fine
1646 659 1828 711 adest.

369 727 569 794 Incipit
588 742 834 779 crescere
855 725 1016 778 Luna
1044 740 1214 787 nova,
1253 741 1616 793 quaecunque
1648 734 1780 793 post
1800 727 1910 779 sol·

209 816 219 829 ⁴
299 796 513 849 stiti'um
548 801 654 859 est,
701 795 904 848 sensim
936 794 1262 863 modiceque
1284 796 1558 854 Cancrum
1580 795 1715 849 Sole
1738 802 1913 847 trans-

280 872 498 930 ·eunte3
541 864 1023 919 abundantissime
1055 871 1240 916 autem
1265 863 1532 918 Leonem.
1601 865 1681 917 Et
1717 865 1914 918 residit

260 950 265 957 ·
294 935 358 986 in
379 934 625 1003 Virgine,
646 933 866 997 iisdem,
890 935 1089 1002 quibus
1112 934 1375 996 accrevit,
1395 935 1594 988 modis.
1642 935 1706 987 ln
1729 942 1910 987 totum

301 1009 487 1056 autem
511 1011 806 1057 revocatur
835 1005 987 1055 intra
1009 1005 1162 1069 ripas
1191 1005 1252 1055 in
1273 1004 1477 1067 Libra,
1517 1014 1583 1055 ut
1603 1004 1787 1057 tradit
1806 1004 1912 1057 He·

298 1073 551 1135 rodonis,
575 1073 877 1126 centesimo
900 1074 1013 1125 die.
1050 1074 1188 1125 Cum
1213 1077 1425 1134 crescit,
1449 1088 1612 1141 reges
1633 1080 1736 1126 aut
1751 1078 1910 1142 prae·
1993 1054 1994 1107 Ὺ

297 1141 478 1193 fectos
502 1143 763 1208 navigare
786 1157 878 1203 eo,
904 1141 1062 1193 nefas
1083 1143 1392 1194 iudicatum
1407 1149 1520 1194 est.
1581 1144 1796 1195 Auctus
1814 1159 1912 1211 per

294 1216 499 1276 puteos
518 1224 813 1262 mensurae
835 1213 986 1261 notis
1016 1209 1522 1277 deprehenduntur.
1595 1211 1812 1267 lustun-
1827 1214 1907 1264 in·

300 1282 637 1329 crementum
658 1285 743 1330 est
766 1279 1079 1332 cubitorum
1101 1280 1249 1335 XVI.
1321 1280 1570 1333 Minores
1601 1296 1788 1348 aquae
1801 1296 1908 1334 non

300 1347 490 1398 onmia
509 1347 720 1416 rigant:
744 1349 1047 1415 ampliores
1061 1351 1334 1413 detinent,
1355 1345 1569 1402 tardius
1580 1352 1908 1404 recedendo.

284 1416 423 1469 'Hae
443 1418 661 1471 serendi
682 1424 940 1485 tempora
959 1420 1261 1472 absumunt
1289 1421 1413 1473 solo
1445 1420 1737 1473 madente:
1778 1420 1911 1477 illae

296 1500 406 1537 non
431 1486 561 1540 dnnt
579 1489 820 1557 sitiente.
893 1491 1204 1558 Utrumque
1222 1490 1447 1558 reputat
1473 1491 1782 1558 provincia.
1852 1491 1912 1544 ln

299 1556 592 1609 duodecim
607 1558 810 1611 cubitis
822 1559 1026 1615 famem
1046 1560 1236 1630 sentit,
1257 1562 1312 1612 in
1327 1560 1596 1618 tredecim
1610 1562 1914 1618 etiamnum

235 1661 239 1666 «
278 1626 505 1678 ‘esui-it:
549 1628 968 1695 quatuordecim
999 1630 1203 1682 ‘cubita
1241 1630 1587 1685 hilaritatem
1630 1630 1912 1684 afferunt:

296 1696 607 1762 quindecim
629 1699 993 1765 securitatem
1007 1718 1025 1752 ε
1048 1699 1290 1752 sedecim
1311 1701 1576 1754 delicias.-
1598 1701 1918 1762 Maximum

292 1765 696 1819 incrementum
731 1769 802 1820 ad
834 1768 942 1822 hoc
976 1770 1100 1822 aevi
1143 1770 1254 1822 fuit
1283 1770 1600 1823 cubitorum
1634 1771 1832 1824 decem
1861 1778 1920 1824 et

294 1840 424 1886 octo
436 1836 675 1889 Claudio
696 1839 970 1907 principe=
991 1839 1281 1890 minimum
1303 1840 1560 1909 quinque,
1584 1838 1916 1894 Pharsalico

290 1903 464 1969 bello,
505 1907 681 1959 veluti
702 1923 891 1961 necem
914 1909 1107 1975 Magni
1125 1909 1387 1978 prodigio
1415 1912 1658 1977 quodam
1683 1910 1917 1964 flumine

286 1981 602 2028 aversante.
675 1977 811 2028 Cum
833 1983 1279 2046 stetereaquae,
1321 1981 1531 2046 apertis
1550 1980 1916 2044 molibusad·

287 2043 606 2096 mittuntur.
677 2044 751 2097 Ut
781 2061 1031 2116 quaeque
1058 2048 1302 2101 liberata
1331 2055 1420 2101 est
1458 2056 1637 2113 terra,
1680 2050 1914 2103 seritur.

289 2109 440 2163 Idem
464 2111 641 2164 amnis
664 2127 803 2165 unus
825 2119 1073 2170 omnium
1095 2119 1276 2171 nullas
1297 2119 1554 2185 exspirat*
1568 2134 1759 2172 auras.

357 2180 605 2236 Ditionis
618 2183 859 2252 Aegypti
881 2202 1004 2239 esse
1025 2188 1223 2254 incipit
1244 2204 1280 2239 a
1298 2187 1406 2240 fine
1427 2186 1915 2258 Aethiopiaesye·

275 2257 386 2301 'nez
428 2252 513 2302 ita
533 2257 765 2303 vocatur
789 2256 1084 2321 peninsula
1111 2257 1270 2309 mille
1289 2271 1545 2324 passuum
1571 2257 1811 2321 ambitu,
1856 2259 1916 2310 in

289 2334 403 2385 qua
425 2320 621 2372 Castra
641 2327 785 2385 sunt,
813 2325 990 2376 latere
1010 2326 1276 2380 Arabiae:
1314 2335 1371 2380 et
1395 2326 1735 2380 eia—adverso
1757 2331 1914 2380 insu·

278 2384 372 2436 lae
395 2387 472 2440 lv
493 2388 718 2453 Philae,
760 2392 859 2444 Dc
894 2395 975 2444 Μ.
997 2409 1258 2461 passuum
1289 2410 1324 2447 a
1342 2396 1460 2447 Nili
1481 2398 1720 2462 fissura,
1759 2393 1920 2458 nub

282 2453 553 2532 appellari
589 2458 829 2512 diximus
850 2463 1037 2515 Delta.
1110 2464 1239 2515 Hoc
1269 2468 1511 2531 spatium
1533 2466 1718 2518 edidit
1740 2469 1906 2520 Arte-

279 2524 547 2589 midorus,
572 2535 629 2579 et
650 2528 709 2579 in
732 2544 800 2581 eo
826 2531 964 2585 CCL
984 2532 1191 2597 oppida
1214 2533 1405 2586 fuisse.
1462 2536 1600 2589 luba
1621 2537 1806 2590 CCCC
1826 2536 1908 2587 M.

276 2601 554 2660 passuum.
574 2597 941 2650 Aristocreon‘
957 2600 1028 2651 ab
1044 2600 1415 2668 Elephantide
1437 2605 1509 2657 ad
1530 2620 1690 2658 mare
1705 2606 1902 2659 DCCL

277 2659 356 2716 M.
390 2679 673 2731 passuum.
744 2666 1075 2735 Elephantis
1105 2668 1295 2723 insula
1334 2672 1488 2727 intra
1525 2676 1899 2729 novissimum

1959 2851 1996 2990 i
