2009 3025
204 48 312 103 214
475 13 654 97 Vc,
692 40 977 95 PL1N11
1014 36 1390 93 sscuNm

204 154 326 214 dus,
382 154 549 218 atque
581 153 908 199 nocturnum
950 144 1172 196 solvere
1197 140 1510 202 humorem,
1551 146 1612 194 et
1630 140 1820 193 trahe·

205 238 284 281 re,
326 235 437 271 non
458 217 697 270 auferre.
736 215 799 268 ld
822 214 1179 268 manifestum
1204 226 1346 274 esse,
1386 210 1536 277 quod
1576 211 1825 263 ferarum

208 291 395 341 occisa
435 292 672 354 corpora
709 286 770 337 in
810 285 1000 335 tabem
1022 285 1142 335 visu
1165 297 1265 335 suo
1287 281 1561 332 resolvat:
1603 295 1830 332 somno·

210 373 323 424 que,
360 358 559 423 sopitis
601 362 884 422 torporem
927 359 1274 405 contractum
1305 352 1363 401 in
1389 356 1556 418 caput
1579 359 1827 412 revocet,
1882 357 1893 374 ‘

210 427 445 494 glaciem
463 426 756 487 refundat,
802 429 1108 490 cunctaque
1143 420 1405 473 humifico
1427 419 1626 485 spiritu
1649 421 1823 471 laxet.

209 499 297 548 lta
318 499 538 562 pensari
561 502 795 547 naturae
815 494 986 554 vices,
1029 506 1354 558 semperque
1377 492 1652 552 sufficere,
1695 490 1826 540 aliis

210 568 451 619 siderum
494 565 772 618 elementa
816 562 1163 630 cogentibus,
1205 560 1334 616 aliis
1358 557 1824 618 ,verofundenti-

205 637 324 686 bus.
381 634 491 687 Sed
525 635 599 685 in·
623 633 876 685 dulcibus
917 634 1084 699 aquis
1097 631 1295 684 Lunae
1327 629 1661 682 alimentum
1686 645 1826 691 esse,

210 707 356 757 si'cut
373 704 431 755 in
453 703 681 756 marinis
704 702 867 755 Solis.
1060 745 1066 750 .
1160 733 1187 755 μ
1254 744 1259 750 .
1282 742 1287 747 .

278 771 386 826 CV.
408 774 751 828 Altissimum
774 786 928 826 mare
946 770 1052 822 XV
1069 768 1381 822 stadiorum
1403 770 1692 823 Fabianus
1717 776 1828 822 tra·

210 845 313 895 d'rt.
358 844 471 897 Alii
491 844 549 894 in
569 841 1100 900 Pontoaexmdverso
1127 843 1469 892 Coraxorum
1496 841 1682 905 gentis
1706 845 1825 901 (vo-

211 919 339 964 cant
361 914 557 979 Βαθέα
583 912 767 974 Ponti)
789 912 1058 963 trecentis
1082 910 1200 961 fere
1225 924 1258 960 a
1279 910 1596 961 continenti
1619 909 1824 964 stadiis

122 1044 134 1049 ⁸
208 977 548 1033 immensam
570 976 929 1036 altitudinem
972 980 1146 1032 maris
1186 978 1434 1041 tradunt,
1475 977 1634 1031 vadis
1680 995 1821 1030 nun-

212 1067 377 1117 quam
397 1052 654 1116 repertis.
1132 1073 1137 1080 ,

281 1120 417 1171 CVI.
474 1119 794 1171 Min-abilius
833 1120 890 1171 id
931 1118 1146 1171 faciunt
1187 1129 1365 1186 aquae
1404 1117 1629 1181 dulces,
1663 1118 1828 1171 iuxta

208 1203 364 1240 mare
386 1194 448 1237 ut
468 1188 668 1239 fistulis
693 1191 1010 1242 emicantes,
1048 1189 1194 1240 Nam
1215 1204 1318 1241 nec
1338 1204 1607 1255 aquarum
1625 1197 1831 1242 natura

209 1275 243 1308 a
267 1255 549 1308 miraculis
574 1265 772 1309 cessat.
827 1258 1039 1311 Dulces
1069 1258 1212 1309 mari
1249 1257 1825 1321 invehuntur‚⁹levio·

208 1343 298 1382 res
323 1326 467 1377 haud
488 1326 668 1378 dubie.
701 1325 837 1379 Ideo
859 1334 915 1379 et
937 1328 1207 1391 marinae,
1228 1343 1458 1394 quarum
1478 1334 1689 1392 natura*
1705 1344 1826 1396 gra·

209 1398 350 1458 rior,
373 1396 550 1463 magis
573 1398 795 1449 invecta
813 1400 1113 1450 sustinent.
1150 1397 1440 1459 Quaedam
1464 1412 1598 1450 vero
1624 1404 1683 1449 et
1708 1399 1825 1449 dul*

211 1482 302 1518 ces
322 1468 472 1518 inter
493 1480 553 1518 se
575 1474 930 1534 supermeant
955 1469 1114 1520 alias.
1186 1468 1259 1519 Ut
1282 1470 1340 1521 in
1362 1466 1570 1518 Fucino
1596 1468 1725 1520 lacu
1748 1469 1825 1519 in-

212 1543 403 1588 vectus
428 1537 620 1600 amniS,
663 1538 720 1588 in
758 1537 928 1605 Lario
949 1538 1165 1601 Addua,
1204 1539 1263 1588 in
1287 1530 1547 1590 Verbano
1571 1538 1824 1599 Ticinu8‚

151 1670 154 1675 ⁴
211 1608 269 1655 in
309 1607 529 1658 Benaco
568 1607 838 1670 Mincius,
880 1608 940 1658 in
974 1607 1179 1659 Sevino
1214 1607 1411 1668 Ollius,
1455 1608 1509 1657 in
1531 1607 1822 1661 Lemanno

209 1674 541 1738 Rh‘odanus3
603 1674 693 1728 hic
736 1677 894 1729 'trans
933 1678 1101 1744 Alpes
1112 1692 1139 1739 ,·
1185 1680 1501 1743 superiores
1543 1678 1599 1728 in
1640 1674 1824 1736 Italia,

209 1744 513 1811 multorum
571 1744 812 1805 millium
837 1742 840 1747 ’
863 1749 1101 1799 transitu
1152 1744 1458 1813 hospitales
1514 1760 1645 1797 suas
1698 1752 1818 1797 tan-

208 1821 346 1874 tum,
387 1829 488 1864 nec
525 1812 822 1879 largior-es,
865 1829 1034 1881 quam
1071 1811 1328 1875 intulere,
1369 1813 1819 1883 aquasxevehen·

205 1881 638 2001 *0⁸·⁴¹}¹'.⁰dst²¹¹¹¹
660 1881 766 1934 hoe
790 1887 925 1936 etin
946 1885 1157 1937 Oronte
1182 1899 1342 1937 amne
1363 1883 1579 1952 Syriae,
1604 1885 1821 1945 multis-

207 1966 314 2014 que
335 1966 370 2003 a
392 1967 477 2002 us.
1029 1991 1037 2001 .

275 2018 515 2081 Quidam
550 2033 684 2072 vero
724 2019 857 2072 odio
878 2022 1050 2075 maris
1070 2023 1309 2089 subeunt
1327 2023 1485 2086 vada,
1525 2025 1675 2076 sicut
1695 2025 1822 2079 Aro-

206 2087 373 2139 thusa
410 2089 536 2141 fons
563 2087 965 2155 Syracusanus,
1004 2093 1064 2142 in
1105 2108 1216 2161 quo
1252 2093 1566 2145 redduntur
1586 2092 1819 2146 iactuin

204 2156 496 2231 Alpheum,
540 2158 632 2222 qui
678 2164 777 2223 per
799 2159 1117 2226 Olympiam
1142 2160 1340 2224 fluens,
1383 2161 1813 2234 Peloponnesia·

209 2239 272 2275 co
295 2224 455 2292 litori
474 2225 806 2282 infunditur.
859 2228 1110 2281 Subeunt
1130 2237 1333 2293 terras,
1363 2232 1667 2298 rursusque
1689 2234 1812 2285 retl-

205 2296 430 2356 duntur,
469 2295 657 2360 Lycus
678 2297 734 2347 in
755 2299 904 2360 Asia,
942 2298 1209 2350 Erasinus
1235 2302 1299 2350 in'
1316 2301 1593 2368 Argolica,
1626 2304 1817 2369 Tigris

179 2364 261 2414 ”in
290 2364 715 2428 Mesopotamia.
762 2365 837 2416 Et
870 2382 1012 2432 quae
1031 2370 1091 2419 in
1113 2370 1433 2436 Aesculapii
1459 2368 1620 2423 fonte
1644 2372 1817 2423 Athe·-

202 2433 289 2481 nis
312 2432 572 2483 immersa
593 2439 740 2496 sunt,
764 2435 822 2486 in
845 2435 1138 2490 Phalerico
1163 2439 1488 2493 redduntur.
1527 2442 1601 2492 Et
1614 2440 1676 2491 in
1709 2440 1815 2493 Ati·

202 2505 332 2551 nate
354 2515 547 2565 campo
567 2499 769 2554 fluvius
791 2522 1008 2558 mersus
1029 2513 1156 2576 post
1178 2508 1286 2561 XX
1308 2508 1386 2561 M.
1408 2524 1555 2578 pass.
1579 2511 1724 2563 exitz
1760 2517 1815 2564 et

551 2564 570 2571 η

206 2568 264 2618 in
286 2569 628 2636 Aquileiensi
648 2573 928 2629 Timavus.
951 2633 958 2637 ,
