2009 3025
600 0 629 11 -1

260 157 566 213 NATUR.
602 154 939 212 HISTOR.
974 157 1140 240 pm.
1177 157 1280 211 vl.
1315 156 1506 210 2223.
1578 154 1688 216 361

72 277 225 331 pass·
251 257 610 330 (parcissimis
629 263 981 325 auctoribus)
1000 261 1297 329 navigatus
1312 297 1327 322 ,
1368 266 1424 311 et
1444 260 1687 326 quodam

73 333 229 384 Solis
251 333 523 387 comitatu
543 333 600 382 in
623 348 876 385 occasum
900 347 1114 393 versus,
1127 346 1333 382 oceano
1357 328 1685 383 infunditur.

70 401 399 453 Mensuram
417 403 472 452 in
497 416 595 452 ora
616 401 685 451 ad
710 417 833 453 eum
856 417 1077 468 ponam,
1101 407 1165 450 ut
1186 399 1425 460 inveni0,
1463 411 1691 465 genera-

69 472 198 531 tim,
241 486 550 538 quanquam
576 472 720 523 inter
737 488 799 523 se
823 471 1009 522 nullae
1031 474 1362 537 congruunt.
1435 469 1516 518 Ab
1541 467 1689 519 ostio
1735 462 1752 471 ”

71 539 383 606 Gangiaad
411 541 848 606 promontorium
875 540 1162 607 Calingon,
1183 545 1242 590 et
1268 536 1525 603 oppidum
1543 534 1693 587 Dan-

72 608 290 674 dagula
311 609 570 662 DCXXV
593 609 727 660 mill.
753 624 1030 676 passuum.
1104 608 1185 659 Ad
1208 606 1466 670 Tropina
1488 604 1693 657 duode-

72 679 192 729 cies
217 684 453 729 centena
479 677 640 731 XXV
670 678 748 729 M.
773 694 917 744 pass.
989 676 1076 729 Ad
1102 676 1417 728 Perimulae
1442 689 1698 740 promon-

70 746 316 809 torium,
376 749 476 799 ubi
517 755 601 799 est
652 749 1073 800 celeberrimum
1129 746 1318 797 Indiae
1367 744 1696 809 emporium,

71 815 294 867 DCCL.
373 816 454 867 Ad
480 818 740 882 oppidum
765 818 821 868 in
847 817 1050 879 insula,
1063 830 1227 885 quam
1248 827 1416 879 supra
1437 813 1698 878 diximus,

72 883 354 946 Patalam,
373 885 579 939 Dcxx
599 886 677 936 M.
704 902 848 953 pass.

88 1021 94 1026 ι
145 954 365 1005 Gentes
387 963 683 1007 montanae
702 958 850 1007 inter
871 970 996 1006 eum
1024 960 1081 1006 et
1100 955 1402 1015 Iomanem,
1428 952 1574 1016 Cesi,
1597 952 1697 1005 Ce-

75 1023 298 1077 triboni
340 1023 625 1076 silvestres
648 1044 660 1077 :
727 1025 928 1077 deinde
960 1022 1260 1090 Megallae,
1304 1037 1533 1089 quorum
1579 1021 1705 1088 regi

76 1092 375 1160 quingenti
399 1093 711 1162 elephanti,
755 1095 1003 1161 peditum
1038 1090 1398 1157 equitumque
1439 1102 1701 1142 numerus

75 1164 364 1215 incertus:
408 1163 660 1230 Chrysei,
683 1158 1377 1228 Parasangae‚‘Asangae',
1419 1161 1557 1226 tigri
1578 1159 1702 1212 fera

78 1238 382 1283 scatentes.
453 1234 686 1283 Armant
709 1233 957 1300 peditum
1000 1226 1168 1282 XXX
1202 1230 1337 1280 mill.
1373 1230 1702 1296 elephantos

83 1301 239 1362 CCC,
272 1303 485 1365 equites
520 1301 718 1352 DCCC.
789 1304 912 1350 Hos
937 1300 1174 1351 includit
1197 1299 1385 1360 InduS,
1428 1297 1703 1350 montium

82 1384 298 1422 corona
321 1366 695 1418 circumdatos
720 1376 777 1418 et
799 1367 1200 1421 solitudinibus
1218 1382 1316 1431 per
1337 1367 1590 1418 Dcxxv
1624 1367 1702 1416 M.

79 1438 240 1490 Infra
264 1436 622 1497 solitudines,
646 1435 889 1496 Dari,Su
901 1449 1013 1494 rae,
1038 1436 1346 1499 iterumque
1370 1434 1722 1484 solitudines.

79 1525 193 1577 per
214 1505 570 1559 CLXXXVII
594 1506 671 1556 M.
699 1521 842 1572 pass.
869 1503 1192 1571 plerumque
1212 1498 1395 1553 arenis
1418 1498 1711 1555 ambienti-
1729 1517 1753 1531 ··

81 1582 193 1632 bus
211 1576 361 1628 haud
385 1576 498 1627 alio
525 1575 718 1636 modo,
759 1590 919 1642 quam
948 1573 1157 1623 insulas
1181 1571 1338 1621 mari.
1410 1572 1565 1623 infra
1609 1572 1704 1623 de·

87 1654 252 1701 serta
275 1645 412 1697 haec
433 1645 797 1705 Maltecorae,
819 1644 1041 1709 Singae,
1063 1638 1348 1700 Marohae‚
1392 1639 1709 1708 Rarungae,

85 1718 342 1770 Moruni.
414 1716 491 1766 ui
526 1715 796 1765 montium
832 1714 924 1782 qui
968 1716 1243 1779 perpetuo
1287 1715 1470 1760 tractu
1514 1711 1710 1761 oceani

6 1801 9 1850 ζ
89 1802 234 1839 orae
262 1786 568 1851 praetenti,
611 1784 847 1848 incolae,
888 1781 1057 1833 liberi
1101 1786 1157 1831 et
1194 1794 1391 1846 regum
1437 1786 1711 1844 expertes,

88 1856 297 1908 multis
321 1856 549 1907 urbibus
588 1861 885 1904 montanos
930 1851 1186 1902 obtinent
1228 1849 1419 1899 colles.
1493 1847 1711 1899 Nareae
1753 1901 1768 1914 l

89 1925 325 1987 deinde,
365 1940 503 1992 quos
529 1924 739 1975 claudit
763 1937 919 1972 mons
944 1920 1250 1972 altissimus
1272 1917 1585 1968 Indicorum
1608 1918 1711 1969 Ca-

87 1994 317 2064 pitalia.
357 1994 534 2045 Huius
559 1993 791 2053 incolae,
814 1992 925 2042 alto
948 1992 1125 2040 latere
1147 1988 1260 2040 late
1284 1988 1406 2038 aun-i
1429 1994 1486 2038 et
1510 2001 1709 2052 argen-

87 2067 141 2116 ti
166 2063 398 2115 metalla
429 2062 670 2113 fodiunt.
742 2062 822 2113 Ab
861 2061 929 2110 iis
970 2061 1273 2120 Oraturae‚
1316 2071 1548 2123 quorum
1593 2056 1716 2123 regi

89 2131 383 2198 elephanti
404 2132 624 2199 quidem
650 2131 858 2192 decem,
902 2131 999 2180 sed
1026 2129 1240 2194 amplae
1261 2127 1408 2177 vires
1434 2125 1711 2192 peditum:

90 2205 428 2263 Van-etatae,
471 2200 564 2267 qui
587 2202 688 2252 sub
714 2215 849 2267 rege
874 2198 1200 2263 elephantos
1224 2212 1331 2246 non
1358 2195 1534 2256 alunt,
1573 2193 1713 2244 fidu·

90 2272 192 2324 cia
212 2273 455 2337 equitum
482 2269 857 2336 peditumque.
915 2268 1317 2324 Odomboerae,
1339 2265 1714 2315 §alabastraffi

88 2342 360 2393 Horatae
400 2340 538 2390 urbe
581 2339 829 2404 pulchra,
863 2336 1040 2401 fossis
1082 2335 1421 2401 palustribus
1467 2332 1680 2383 munita
1698 2348 1730 2381 :-

88 2426 201 2478 per
221 2425 357 2475 quas
379 2408 666 2468 crocodili,
708 2407 932 2457 hnmani
957 2421 1053 2455 cor
1071 2403 1570 2476 ‘sssifl-stffissffnia
1601 2403 1716 2452 adi·

88 2487 218 2531 tum
242 2479 346 2529 nisi
374 2467 867 2544 ffssfflmfflantj
892 2476 1028 2525 '‘Er'‘
1080 2467 1166 2523 {ud
1194 2469 1336 2538 apu‘d
1363 2469 1491 2523 illos
1512 2465 1707 2522 lauda·

88 2554 192 2601 tur
230 2548 491 2613 oppidum
526 2545 845 2603 Automela‚
886 2544 1205 2610 impositum
1247 2543 1430 2603 litori,
1474 2544 1713 2606 quinque

89 2618 345 2671 aninium
370 2619 426 2665 in
447 2632 611 2665 unum
638 2613 951 2665 confluente
973 2627 1264 2672 concursu,
1290 2611 1535 2676 emporio
1560 2609 1715 2660 nobi-

88 2690 155 2743 li.
178 2686 344 2757 -Begi
381 2697 575 2750 eorum
606 2681 892 2751 elephanti
929 2682 1008 2735 Μ.
1050 2682 1164 2745 DC,
1205 2679 1451 2747 peditum
1495 2678 1588 2731 CL
1630 2677 1714 2731 M.
