2009 3025
253 139 947 245 NATpR.‚n1s'ron.
992 110 1290 197 masw.
1320 144 1514 202 2526.
1588 144 1696 199 289

83 245 206 312 dem
230 251 475 311 nomine,
498 253 554 299 et
577 247 838 315 oppidum
864 264 898 300 a
919 248 1061 303 mari
1081 245 1348 300 recedens
1377 249 1694 316 quindecim

77 317 335 369 millibus
380 332 668 384 passuum:
718 319 1031 384 Olbiopolis
1056 326 1113 369 et
1132 317 1502 385 Miletopolis,
1543 320 1690 370 anti·

77 386 203 508 ffls
228 386 563 438 nominibus.
604 386 814 438 Rursus
836 390 894 438 in
916 387 1087 460 litore
1113 394 1307 454 portus
1327 386 1691 442 Achaeorum.

172 456 270 506 ula
289 454 539 516 Achillis,
564 456 777 522 tumulo
800 460 926 508 eius'
939 458 1044 507 viri
1069 458 1239 508 clara.
1277 458 1353 507 Et
1376 458 1444 510 ab
1469 465 1694 508 centum

78 525 284 590 viginti
308 526 546 592 quinque
570 526 814 577 millibus
836 542 1092 593 passuum
1115 526 1431 592 peninsula,
1469 524 1539 577 ad
1580 523 1697 578 for·

77 602 226 664 mam
256 594 430 659 gladii
450 596 508 646 in
531 597 922 647 =transversum
962 602 1250 662 porrecta,
1294 595 1696 647 exercitatione

78 663 334 714 eiusdem
358 664 752 730 cognominata
773 663 1014 717 Dromos
1036 664 1349 720 Achilleas:
1393 667 1547 715 cuius
1573 665 1717 715 lon-2

77 733 393 808 gitudinem
420 736 712 801 octoginta
732 734 972 785 millium
993 733 1273 800 'passuum
1298 735 1478 785 tradit
1500 735 1697 800 Agrip·

75 818 165 872 pa.
209 804 420 854 Totum
444 817 570 854 eum
595 809 834 855 tractum
857 805 1032 855 Tauri
1056 803 1302 871 Scythae
1324 810 1382 855 et
1403 802 1587 854 Siraci
1617 809 1697 855 te·

74 878 230 924 nent.
303 872 438 924 lnde
459 872 731 923 silvestris
750 874 908 941 regio
932 873 1215 941 Hylaeum
1240 888 1393 925 mare
1409 908 1426 935 ‚
1466 887 1576 939 quo
1611 869 1696 924 al·

73 941 273 1005 luitur,
290 942 731 1009 cognominavit:
752 943 1142 996 Enaecadloae
1165 948 1430 994 vocantur
1454 941 1698 993 incolae.

74 1012 242 1074 Ultra
261 1010 593 1077 Panticapes
619 1013 924 1079 amnis‚qui
935 1011 1218 1064 Nomadas
1241 1018 1298 1064 et
1309 1011 1563 1078 Georgos
1586 1010 1699 1061 dis·

75 1081 372 1132 terminat:
420 1095 549 1134 mox
579 1082 860 1134 Acesinus.
933 1080 1173 1148 Quidam
1198 1080 1541 1150 Panticapen
1562 1089 1700 1131 ton·

71 1149 256 1218 fluere
284 1147 434 1201 infra
457 1149 678 1204 Olbiam
714 1167 834 1202 cum
875 1149 1230 1217 Borysthene
1271 1150 1530 1204 tradunt:
1570 1149 1696 1202 dili·

72 1219 366 1294 gentiores
388 1217 687 1286 Hypanin:
732 1221 889 1278 tanto
911 1235 1105 1273 errore
1130 1235 1363 1292 porum,
1404 1220 1500 1288 qui
1529 1219 1695 1288 illum

72 1291 127 1344 in
152 1287 324 1339 Asiae
347 1288 841 1355 parte‘prodidere.

105 1417 112 1424 .
140 1357 310 1409 Mare
332 1358 484 1420 subit
509 1364 667 1409 vasto
690 1374 931 1422 recessu,
971 1359 1149 1410 donec
1172 1358 1410 1424 quinque
1452 1356 1694 1408 millium

69 1441 337 1495 passuum
372 1426 672 1479 intervallo
695 1428 844 1478 absi-t
862 1442 899 1478 a
917 1426 1237 1487 Maeotide,
1260 1432 1419 1476 vasta
1439 1425 1693 1476 ambiens

66 1491 286 1564 spatia,
309 1496 619 1565 multasque
637 1502 853 1566 gentes.
929 1495 1093 1548 Sinus
1115 1491 1427 1548 Carcinites
1450 1493 1694 1560 appella·

66 1574 181 1630 tur,
202 1564 412 1618 flumen
435 1566 683 1632 Pacyris.
757 1564 1013 1632 Oppida:
1055 1566 1405 1623 Naubarum‚
1431 1563 1693 1615 Carcinez

69 1652 103 1686 a
125 1643 301 1702 tergo
343 1637 495 1687 lacus
516 1637 729 1704 BugeS,
773 1626 929 1686 fossa
965 1630 1202 1689 emissus
1232 1633 1290 1685 in
1318 1628 1505 1684 ¹mare.·
1571 1633 1699 1699 lpse

63 1705 266 1773 Buges
291 1720 327 1756 a
348 1706 568 1768 Coreto,
592 1706 836 1757 Maeotis
860 1705 1016 1777 lacus
1036 1705 1185 1764 sinu,
1221 1708 1448 1773 petroso
1491 1700 1695 1753 disclu-

67 1775 230 1829 ditur
251 1775 439 1829 dorso.
511 1774 730 1841 Recipit
751 1789 943 1825 amnes
967 1775 1203 1840 Bugem,
1237 1770 1531 1843 Gerrhum‚
1574 1773 1693 1838 Hy·

105 1845 265 1906 auin,
309 1859 380 1896 ex
407 1840 634 1895 'diverso
675 1844 963 1896 venientes
996 1848 1205 1895 tractu.
1278 1842 1420 1894 Nam
1443 1839 1694 1891 Gerrhus

62 1861 365 1967 Rasilidas
379 1919 445 1964 ‘et
467 1913 745 1964 Nomadas
767 1919 1005 1979 separat.
1083 1913 1341 1979 Hypanis
1367 1922 1468 1976 per
1491 1911 1697 1963 Noma-

64 1983 170 2036 da's
195 1989 258 2034 et
281 1982 538 2049 Hylaeos
558 1981 684 2035 fluit
703 1997 865 2033 manu
888 1981 1041 2034 facto
1060 1981 1220 2036 alveo
1251 1984 1309 2032 in
1328 1979 1523 2046 Bugen
1543 2016 1558 2041 ‚
1598 1993 1694 2029 na·

61 2053 246 2106 tui-ali
282 2054 344 2104 in
373 2046 651 2105 Coretum.
723 2052 930 2121 Regio,
974 2052 1210 2120 Scythia
1241 2050 1475 2104 Sendiea
1515 2048 1694 2101 nomi·

59 2132 260 2245 unguet!
281 2191 607 2244 aCarcinite
629 2191 873 2244 Taurica
892 2190 1113 2258 incipit,
1126 2188 1400 2257 quondam
1422 2185 1567 2239 mari
1586 2187 1693 2238 cir·

57 2260 336 2315 cumfusa
359 2266 414 2312 et
437 2261 585 2326 ipsa,
608 2277 828 2329 quaqua
850 2266 991 2312 nunc
1016 2262 1199 2312 iacent
1224 2259 1417 2325 campi.
1471 2255 1692 2308 Deinde
1794 2280 1807 2291 «

55 2331 251 2384 vastis
279 2330 565 2382 attollitur
585 2332 743 2398 iugis.
817 2332 1081 2397 Triginta
1101 2333 1229 2380 sunt
1251 2342 1440 2378 eorum
1482 2325 1692 2393 populi.

53 2402 152 2452 Ex
177 2401 259 2452 iis
282 2399 684 2452 mediterranei
709 2400 909 2453 XXIV.
982 2399 1096 2452 Sex
1117 2397 1348 2464 oppidaz
1391 2395 1693 2462 Orgocyni,

53 2468 405 2530 Characeni,
445 2468 747 2537 Lagyrani,
787 2469 1066 2529 Tractari,
1108 2462 1545 2533 Archilachitae,
1588 2465 1715 2517 Ca·‘

48 2537 261 2591 liordi.
335 2536 529 2603 Iugum
553 2534 732 2606 ipsum
756 2536 1122 2604 Scythotauri
1144 2539 1357 2588 tenent.
1409 2528 1690 2586 claudun·

49 2615 160 2662 tur
182 2608 259 2660 ab
284 2607 574 2660 occidente
597 2607 962 2669 CherronesO,
1008 2608 1077 2658 ab
1103 2604 1230 2658 or'tu
1251 2602 1476 2670 Scythis
1499 2602 1688 2657 Satar-

41 2678 211 2734 chis.
286 2677 350 2728 ln
373 2689 472 2728 ora
495 2692 529 2728 a
551 2677 831 2730 Carcinite
854 2676 1091 2743 oppida:
1134 2674 1412 2797 Taphrlae,
1453 2675 1513 2727 in
1548 2673 1686 2742 ipsis
1723 2705 1728 2712 -

128 2748 339 2804 Pane.
378 2747 541 2801 Tou.
577 2746 620 2797 1.
733 2759 739 2765 ’
