2009 3025
252 141 555 229 NATuR.
593 124 933 206 ms'r'oa
981 153 1146 207 Lm.
1188 155 1257 208 11.
1298 156 1517 227 55-57.
1588 163 1692 215 189

116 245 194 301 lae
223 249 494 303 Dictatori
521 258 845 307 ‹ostentum'z
867 257 1058 308 datum
1103 260 1437 325 accepimus.
1480 248 1693 315 &Uetera

113 316 260 383 ipsius
303 322 493 371 mundi
534 326 790 386 portione
847 326 1029 376 minus
1090 341 1360 392 prospera
1418 337 1512 380 aut
1552 332 1691 385 dira.

115 386 371 449 Quaedam
395 389 623 456 fulgura
665 394 958 445 enuntiare
983 410 1089 446 non
1112 401 1309 461 putant
1330 396 1439 460 fas,
1466 414 1580 467 &nec
1600 415 1692 451 au-

91 455 229 516 ·(lire,
268 464 655 523 praeterquam
686 463 734 511 si
760 459 970 527 hospiti
990 464 1325 528 indicentur,
1369 473 1686 532 autparen-

111 525 162 574 ti.
189 524 390 592 Magna
421 525 586 577 huius
624 530 1031 582 observationis
1051 536 1286 595 vanitas,
1329 541 1484 585 taeta
1526 538 1688 586 luno-

112 594 182 642 nis
200 595 359 657 aede,
405 597 615 647 Romae
654 597 997 663 deprehensa
1038 607 1160 663 est,
1198 601 1406 654 Scauro
1431 605 1688 666 Consule,

113 664 186 728 qni
209 678 340 713 mox⁴
355 665 610 730 princeps
631 666 756 718 fuit.

163 730 330 783 Noctu
353 734 551 799 magis,
574 749 739 798 quam
761 735 1020 800 interdiu,
1043 739 1159 791 sine
1180 741 1480 792 tonitribus
1500 739 1684 807 fulgu·

110 804 193 849 tat.
228 801 400 850 Unum
424 803 633 855 animal
670 803 946 858 hominem
988 822 1097 857 non
1121 824 1338 874 semper
1360 810 1689 876 exstinguit,

112 874 274 920 cetera
313 870 467 921 illico
490 890 503 921 ε
549 870 691 923 hunc
714 874 976 926 videlicet
999 885 1199 929 natura
1218 879 1496 930 tribuente
1520 877 1690 930 hono·

110 949 221 998 rem,
263 942 389 1008 cum
406 946 494 990 tot
515 941 737 993 belluae
760 945 975 995 viribus
999 954 1303 1010 praestent.
1343 948 1541 998 Omnia
1564 952 1701 998 con&

109 1008 285 1058 trarias
306 1009 570 1060 incubant
610 1010 667 1061 in
709 1018 923 1079 partes:
965 1011 1147 1076 homo,
1190 1017 1296 1066 nisi
1337 1023 1693 1068 convertatur

105 1073 151 1123 in
169 1090 479 1140 percussas,
505 1093 612 1129 non
634 1081 902 1145 exspirat.
956 1081 1206 1148 Superne
1245 1085 1352 1136 icti·
1379 1084 1692 1136 considunt.

109 1139 342 1211 Vigilans
366 1149 509 1197 ictus
532 1151 950 1201 conniventibus
973 1153 1168 1215 oculis,
1194 1153 1473 1204 dormiens
1496 1161 1688 1220 paten-

109 1211 236 1264 tibus
273 1216 570 1288 reperitur,
607 1217 900 1270 Hominem
941 1222 1024 1271 ita
1066 1224 1441 1273 exanimatum
1483 1230 1715 1274 crema-l

106 1280 145 1331 ri
167 1281 242 1334 fas
264 1298 374 1334 non
395 1291 515 1336 est:
557 1286 722 1337 condi
744 1292 897 1340 terra
926 1290 1128 1356 religio
1153 1292 1400 1343 tradidit.
1456 1292 1688 1342 Nullum

107 1352 310 1413 animal,
342 1354 458 1404 ‘nisi
482 1356 875 1419 exanimatum,
916 1357 1146 1409 fulmine
1169 1359 1504 1410 accenditur.
1561 1360 1690 1409 Vul-

109 1433 223 1472 nera
243 1421 665 1474 fulminatorum
686 1410 982 1491 frigidiora
1004 1434 1132 1476 sunt
1154 1429 1370 1492 reliquo
1393 1440 1641 1491 corpore.
1684 1452 1703 1463 ·

164 1488 293 1542 LVI.
330 1492 417 1543 Ex
438 1492 526 1555 iis,
565 1507 706 1559 quae
730 1500 885 1545 terra
906 1494 1237 1561 gignuntur„
1266 1495 1410 1544 lauri
1433 1493 1690 1547 fruticem

107 1572 206 1609 uon
226 1559 347 1619 icitt
368 1573 734 1627 necunquam
760 1562 1001 1627 quinque
1026 1565 1194 1613 altius
1219 1562 1452 1628 pedibus
1473 1562 1694 1614 descen-

108 1625 180 1678 dit
198 1630 250 1679 in
270 1636 499 1681 terram.
543 1629 671 1681 ldeo
698 1629 881 1696 pavidi
904 1630 1134 1681 altiores
1158 1631 1687 1695 specusqtutissimos

106 1699 316 1760 putant:
363 1707 459 1760 aut
479 1699 847 1750 tabernacula
867 1714 897 1750 e
922 1699 1166 1765 pellibus
1190 1697 1519 1761 belluarum,
1555 1717 1692 1766 quas

105 1764 293 1818 vitulos
315 1768 623 1835 appellant:
648 1769 906 1834 quoniam
930 1767 1035 1818 hoc
1054 1768 1230 1818 solum
1254 1767 1465 1817 animal
1486 1783 1553 1818 ex
1577 1783 1713 1836 nia-⁶

102 1833 226 1886 riuis
248 1852 355 1887 non
379 1838 665 1904 percutiat
690 1855 703 1900 3
742 1838 887 1888 sicut
910 1852 1011 1888 nec
1033 1852 1062 1888 e
1085 1837 1404 1890 volucribus
1429 1837 1691 1903 aquilam,

101 1918 231 1971 quae
253 1906 321 1957 ob
346 1904 452 1958 hoc
476 1907 749 1973 armigera
792 1904 952 1955 huius
992 1906 1096 1956 teli
1136 1904 1381 1972 fingitur.
1414 1899 1480 1958 In
1525 1901 1696 1957 Italia

99 1972 236 2027 inter
254 1976 614 2028 Terracinam
639 1981 695 2027 et
718 1975 909 2026 aedem
938 1976 1226 2036 Feroniae,
1269 1983 1450 2025 turres
1474 1973 1692 2025 bellicis

99 2043 431 2112 temporibus
470 2041 685 2097 desiere
727 2045 866 2107 fieri,
905 2045 1060 2096 nulla
1094 2059 1207 2097 non
1248 2057 1439 2094 earum
1465 2042 1697 2100 fulmine

97 2111 293 2166 diruta.
411 2117 424 2136 ²
1650 2169 1663 2174 -

158 2183 326 2236 LVlI.
363 2184 594 2244 Praeter
611 2182 753 2235 haec
773 2176 1038 2233 inferiore
1061 2179 1218 2233 caelo
1239 2180 1477 2231 relatum
1502 2181 1556 2230 in
1579 2192 1690 2231 mo-

93 2260 350 2305 numenta
374 2253 479 2313 est,
523 2254 665 2305 lacte
689 2260 746 2305 et
766 2256 1030 2318 sanguine
1056 2251 1259 2316 pluisse
1279 2249 1592 2310 M’.»Acilio,
1630 2251 1686 2301 Ο.

89 2317 283 2374 Porcio
319 2326 498 2381 Coss„
515 2329 571 2373 et
602 2336 768 2388 saepe
801 2321 971 2372 alias:
1007 2320 1152 2371 sicut
1178 2321 1388 2384 carne,
1426 2318 1484 2369 Ρ.
1511 2317 1682 2400 Volu-

91 2392 249 2454 mnio,
292 2392 489 2445 Servio
512 2391 752 2457 Sulpitio
782 2392 934 2441 Coss.
958 2404 1134 2456 exque
1158 2403 1226 2439 ea
1256 2400 1363 2437 non
1388 2393 1686 2468 putruisse,

86 2459 229 2525 quod
265 2461 377 2515 non
416 2456 774 2527 diripuissent
810 2475 955 2510 aves.
1016 2456 1153 2512 Item
1178 2454 1329 2508 fen-6
1352 2455 1406 2505 in
1431 2455 1687 2530 Lucanis,

85 2542 225 2582 anno
250 2540 548 2600 antequam
574 2531 653 2581 Μ.
674 2531 905 2580 Crassus
926 2543 959 2577 a
981 2525 1205 2576 Parthis
1227 2525 1556 2576 interemtus
1580 2533 1686 2587 est,

85 2601 388 2668 omnesque
410 2616 533 2653 cum
582 2613 649 2649 eo
674 2598 888 2649 Lucani
926 2596 1152 2655 milites,
1194 2603 1431 2660 quorum,
1457 2608 1686 2662 magnus

83 2680 343 2728 numerus
364 2671 427 2725 iu
450 2667 702 2726 exercitu
723 2672 862 2723 erat.
900 2664 1157 2735 Effigies„
1169 2675 1308 2733 quae
1327 2664 1489 2731 pluit,
1526 2678 1684 2732 spon·
