2009 3025
273 178 571 235 NA‘rua.
616 183 961 236 fflsroa.
1007 152 1176 235 nui.
1214 179 1391 269 ⁴v.1o.
1415 182 1498 236 11.
1571 186 1674 240 31⁷

81 288 439 337 catarracten
458 280 537 349 IV
558 285 635 353 M,
657 301 931 353 passuum,
953 291 1014 337 et
1031 298 1200 352 supra
1210 283 1428 353 Syenen
1447 285 1580 347 XVI
1599 288 1681 343 Μ.

81 353 371 405 habitatur
386 354 417 414 ,‘
441 354 816 421 navigationis
836 352 1332 421 Aegyptiaefinis,
1355 354 1428 404 ab
1446 356 1681 410 Alexan-

83 422 208 473 dria
242 421 506 475 DLXXX
535 423 614 476 M.
649 437 793 490 pass.
865 424 927 475 ln
960 429 1176 475 tantum
1201 437 1458 475 erravere
1480 439 1677 492 supra·
1713 458 1720 463 ,

82 490 302 558 scripti.
354 490 441 542 lbi
458 490 820 563 Aethiopicae
840 491 1181 544 conveniunt
1200 507 1384 544 naves.
1431 492 1681 561 Namque

82 575 180 612 eas
198 559 478 626 plicatiles
497 559 1126 623 humeristransferunt,
1170 561 1387 628 quoties
1408 561 1478 614 ad
1499 570 1683 614 catara

81 636 271 680 ractas
290 636 511 687 ventum
533 636 641 682 est.
682 664 685 669 -

151 697 247 748 Xl.
285 699 399 765 Aeg
442 704 569 764 ptus
597 713 764 766 super
790 704 1033 752 ceteram
1069 700 1415 767 antiquitatis
1447 702 1685 771 gloriam

80 764 193 818 XX
222 767 302 820 M.
338 780 405 818 ur
443 768 556 818 ium
581 770 692 821 sibi
717 770 919 820 Amase
943 774 1214 835 regnante
1246 769 1500 822 habitata
1521 786 1681 837 prae-

83 835 229 887 fert:
271 850 413 888 nunc
432 851 654 906 quoque
674 836 883 899 multis,
925 838 1150 888 etiamsi
1169 837 1528 906 ignobilibus,
1570 840 1679 893 fre·

120 919 277 955 uens.
370 905 697 958 Celebratur
733 917 919 958 tamen
955 907 1256 972 Apollinist‘
1296 922 1428 964 mox
1470 908 1683 960 Leuco-

78 981 105 1024 t
147 988 273 1025 eae:
297 972 583 1043 Diospolis
603 990 821 1042 magna,
840 974 1036 1028 eadem
1052 975 1243 1027 Thebe
1263 982 1490 1042 portaru
1499 992 1547 1028 m
1563 994 1684 1030 cen-

78 1049 200 1094 tum
222 1042 426 1093 nobilis
447 1043 620 1095 fama:
653 1046 863 1110 Coptos
883 1043 1195 1107 Indicarum
1218 1045 1685 1114 Arabicarumque

77 1109 349 1163 mercium
380 1110 511 1173 Nilo
547 1113 858 1178 proximum
892 1115 1219 1179 emporium.
1292 1115 1428 1165 Mox
1448 1113 1681 1168 Veneris

78 1178 374 1248 oppidum,
413 1186 470 1232 et
490 1181 687 1233 iterum
717 1182 896 1244 lovis,
916 1196 1000 1251 xac
1020 1182 1308 1251 Tentyris:
1349 1181 1499 1234 infra
1531 1186 1680 1251 quod

75 1246 339 1316 Abydus,
377 1249 686 1302 Memnonis
706 1252 867 1319 regia
883 1256 943 1303 et
962 1251 1142 1303 Osiris
1164 1252 1371 1318 templo
1391 1253 1681 1320 inclytum,

80 1317 188 1370 vn
208 1316 286 1367 M.
303 1318 521 1369 00000
542 1334 795 1385 passuum
815 1320 874 1371 in
884 1320 1123 1385 Libyam
1148 1327 1421 1372 remotum
1444 1336 1480 1371 a
1497 1323 1689 1373 flumis-

79 1402 174 1439 ne.
197 1385 342 1440 Dein
352 1385 676 1447 Ptolemais,
699 1394 757 1439 et
776 1386 1099 1453 Panopolis,
1119 1402 1185 1439 ac
1205 1388 1435 1439 Veneris
1457 1392 1679 1440 iterum.

77 1457 160 1507 Et
180 1455 240 1506 in
259 1453 476 1525 Libyco
499 1456 714 1523 Lycen,
746 1455 843 1506 ubi
868 1461 1083 1507 montes
1103 1456 1302 1507 finiunt
1319 1454 1680 1509 Thebaidem.

77 1528 166 1579 Ab
187 1525 261 1579 iis
283 1525 488 1592 oppida
507 1524 794 1586 Mercurii,
813 1524 1164 1586 Alabastron‚
1186 1526 1413 1586 Canum,
1436 1532 1494 1576 et
1512 1541 1694 1598 supra-

80 1596 300 1647 dictum
322 1594 601 1646 Herculis.
620 1593 833 1647 Deinde
853 1594 1189 1656 Arsinoe,et
1206 1593 1320 1644 iam
1339 1592 1493 1644 dicta
1511 1594 1688 1646 Mem-
1789 1619 1792 1626 ⁴

79 1664 245 1732 pluis:
284 1664 433 1715 inter
463 1677 623 1729 quam
654 1669 716 1715 et
744 1663 1064 1716 Arsinoiten
1098 1673 1333 1722 nomon,
1372 1664 1430 1712 in
1448 1661 1685 1731 Libyco,

78 1744 296 1793 turres,
320 1747 477 1798 ‚quae
518 1731 835 1799 pyramides
874 1737 1170 1782 vocantur:
1213 1729 1588 1797 Labyrinthus
1626 1732 1700 1782 in.

80 1800 365 1855 Moeridis
384 1801 507 1852 lacu
524 1800 680 1851 nullo
703 1800 892 1852 addito
913 1799 1069 1866 ligno
1084 1798 1506 1851 exaedificatus:
1528 1807 1688 1866 etop-

80 1871 280 1939 pidum
295 1869 536 1921 Crialon.
554 1868 736 1920 Unum
757 1873 1050 1935 praeterea
1068 1865 1218 1919 intus
1239 1869 1539 1932 etArabiae
1555 1884 1684 1920 con-
1779 1869 1784 1874 '

83 1940 386 1993 terminum
410 1938 690 1992 claritatis
709 1952 962 2005 magnae,
982 1937 1132 1990 Solis
1154 1936 1436 2003 oppidum.
1577 1952 1582 1958 ·

160 2007 270 2060 Sed
293 2007 416 2059 iure
436 2001 700 2060 laudetur
718 2007 777 2058 in
797 2006 961 2077 litore
981 2006 1246 2073 Aegyptii
1265 2007 1432 2057 maris
1445 2007 1684 2059 Alexan·

82 2079 233 2137 dria,
277 2091 312 2128 a
331 2076 536 2143 Magno
557 2075 874 2129 Alexandro
898 2076 1151 2136 condita,
1190 2076 1250 2127 in
1271 2074 1491 2127 Africae
1511 2082 1687 2142 parte,

82 2147 162 2200 ab
195 2147 343 2200 ostio
368 2144 647 2211 Canopico
678 2144 779 2197 Xll
802 2145 881 2196 M.
909 2158 1172 2212 passuum
1205 2143 1365 2196 iuxta
1383 2144 1684 2196 Mareotim

81 2219 295 2276 lacum,
316 2212 410 2280 qui
428 2213 584 2265 locus
603 2218 773 2266 antea
790 2213 1067 2266 Rhacotes
1087 2213 1493 2264 nominabatur.
1567 2212 1689 2272 Me.-

84 2289 250 2337 tatus
270 2289 355 2335 est
374 2298 496 2334 eam
516 2281 858 2334 Dinochares
880 2279 1217 2334 architectus
1240 2279 1488 2347 pluribus
1509 2281 1687 2333 modis

87 2351 444 2418 memorabili
466 2352 710 2419 ingenio,
752 2350 858 2402 XV
876 2351 954 2402 M.
975 2363 1235 2417 passuum
1257 2349 1497 2401 laxitate
1513 2350 1688 2402 inses-

85 2433 185 2484 sa,
223 2421 297 2472 ad
323 2415 558 2488 effigiem
583 2418 976 2474 Macedonicae
997 2417 1306 2484 chlamydis
1328 2416 1462 2474 orbe
1483 2425 1687 2486 gyrato
1773 2415 1787 2428 ’

86 2490 445 2551 laciniosam,
471 2488 673 2540 dextra
691 2489 953 2555 laevaque
975 2486 1245 2556 anguloso
1267 2501 1557 2553 procursu:
1576 2491 1688 2542 iam

84 2570 211 2613 tum
239 2563 426 2609 tamen
448 2560 639 2624 quinta
659 2559 801 2609 situs
823 2563 982 2625 parte
1002 2555 1192 2623 regiae
1211 2553 1413 2610 dicata.

166 2628 444 2681 Mareotis
466 2628 617 2677 lacus
642 2642 675 2678 a
696 2625 1005 2678 meridiana
1041 2624 1193 2678 urbis
1214 2632 1405 2692 parte,
1446 2626 1638 2695 euripo
1659 2640 1693 2677 e

87 2697 383 2764 canopico
404 2696 552 2746 ostio
572 2696 812 2748 mittitur
829 2695 1237 2748 mediterraneo
1248 2697 1595 2760 commercio,
1611 2697 1694 2748 in-
