2009 3025
65 99 350 153 NATUR.
410 99 754 156 HISTOR.
812 100 976 156 Lm
1016 103 1083 156 11.
1121 100 1408 159 110—112.
1481 103 1586 157 219
1659 148 1682 154 ff.

45 203 269 269 tecuncla,
293 208 462 275 seque
472 204 608 272 ipsa
626 204 829 271 pariat,
867 211 925 258 et
945 207 1187 261 minimis
1211 213 1425 261 crescat
1445 208 1585 259 scin-

43 273 144 334 llis,
182 273 309 340 quid
346 274 476 324 fore
522 275 829 341 putandum
863 283 950 327 est
983 278 1042 326 in
1082 281 1173 327 tot
1192 279 1342 343 rogis
1364 276 1586 345 terrae‘!

46 357 139 394 uae
160 348 243 399 est
262 343 362 393 illa
385 349 611 406 natura,
651 359 793 410 quae
814 347 1177 397 voracitatem
1200 346 1256 395 in
1280 354 1405 395 toto
1430 361 1583 395 mun-

41 412 466 464 »avidissimam
510 413 632 464 sine
675 411 874 467 damno
915 415 1000 465 sui
1040 413 1250 482 pascit²
1292 414 1582 466 Addantur

39 496 59 530 s
41 426 293 534 s'sidera‘
277 484 583 543 innumera,
602 483 907 550 ingensque
931 482 1045 535 Sol.
1083 484 1369 536 Adduntur
1390 481 1581 534 huma-

39 551 257 616 lignes,
277 558 334 603 et
356 550 605 634 lapidum
649 566 865 619 quoque
896 553 1053 605 insiti
1087 558 1342 615 naturae,
1387 552 1587 603 attrita

37 627 128 671 ter
147 635 206 673 se
227 613 436 688 ligna,
421 636 531 672 iam
547 621 771 675 nubium
794 629 851 674 et
868 623 1115 689 origines
1138 620 1451 673 fulminum.
1477 621 1585 672 Ex·

37 688 130 740 edit
167 689 431 758 profecto
441 691 633 743 omnia
663 692 954 755 miracula,
999 692 1176 743 ullum
1208 691 1355 743 diem
1389 689 1584 751 fuisse,

35 774 92 809 uo
116 774 220 811 non
245 765 443 811 cuncta
465 759 901 828 conflagrarent.
948 776 1071 813 cum
1112 761 1340 828 specula
1366 774 1584 828 quoque

35 842 223 881 ancava
256 829 493 883 adversa
532 830 675 883 Solis
716 831 890 883 radiis
934 831 1158 882 facilius
1198 831 1369 883 etiam
1394 843 1586 881 accen·

33 905 128 960 ant,
170 914 335 980 quam
366 899 514 951 ullus
537 901 720 951 alius
694 902 872 972 ignis.
929 900 1075 962 Quid
1099 900 1282 967 quod
1267 913 1589 950 innumera·

33 965 119 1019 iles
160 969 351 1036 parvi,
391 968 489 1020 sed
518 964 839 1023 naturales-
852 969 1112 1022 scatenti
1155 971 1216 1020 ln
1255 967 1584 1035 Nymphaeo

31 1037 93 1086 xit
131 1052 160 1088 e
183 1044 344 1104 petra
382 1035 634 1102 flamma,
678 1055 819 1106 qnae
842 1040 1043 1107 pluviis
1065 1037 1402 1092 accenditur.
1450 1037 1585 1088 Exit

31 1105 122 1155 :ad
143 1121 318 1173 aquas
354 1105 625 1161 Scantias.
683 1111 848 1162 Haec
888 1109 1110 1176 quidem
1153 1107 1419 1172 invalida,
1459 1121 1584 1158 cum
1679 1134 1690 1139 -

31 1175 214 1238 ausit,
259 1192 365 1228 neo
401 1177 565 1246 longe
593 1178 664 1229 in
706 1179 822 1230 alia
859 1179 1098 1230 materia
1144 1177 1363 1228 durans.
1418 1177 1588 1230 Viret

29 1212 214 1296 e’terno
226 1244 373 1297 hunc
429 1246 639 1299 fontem
699 1249 918 1316 igneum
965 1253 1267 1314 contegens
1316 1244 1583 1298 fraxinum

29 1315 108 1364 xit
126 1314 190 1365 in
211 1315 518 1366 Mutinensi
543 1323 680 1384 agro
703 1319 869 1369 statis
882 1318 1137 1370 Vulcano
1161 1315 1373 1368 diebus.
1409 1315 1587 1382 Repe-

27 1390 116 1435 ωι-
142 1383 294 1448 apud
315 1390 590 1445 auctores,
630 1386 897 1437 subiectis
919 1386 1138 1436 Ariciae
1158 1383 1255 1435 ari
1258 1384 1326 1444 ie,
1348 1386 1394 1434 si
1418 1386 1585 1435 carbo

25 1451 275 1513 eciderit,
299 1450 494 1502 ardere
514 1459 740 1504 terram.
787 1454 846 1504 ln
871 1468 1005 1520 agro
1029 1453 1234 1505 Sabino
1258 1460 1315 1503 et
1340 1450 1588 1502 Sidicino

25 1532 202 1573 ictum
227 1520 472 1588 flagrare
491 1521 752 1588 lapidem.
782 1524 846 1575 ln
862 1522 1154 1573 Salentino
1180 1520 1387 1602 oppido
1409 1523 1589 1588 Egna-

25 1605 70 1652 ει,
112 1593 383 1658 imposito
426 1589 579 1657 ligno
620 1591 681 1642 in
721 1604 919 1642 saxum
951 1590 1226 1658 quoddam
1253 1589 1337 1640 ibi
1355 1604 1588 1650 sacrum,

25 1661 232 1712 otinus
251 1657 530 1710 flammam
552 1659 843 1712 exsistere.
881 1660 942 1711 ln
960 1660 1226 1711 Laciniae
1246 1658 1471 1708 lunonis
1491 1674 1591 1711 ara

25 1732 71 1782 lb
92 1731 190 1781 dio
214 1729 343 1791 sita,
385 1728 625 1783 cinerem
666 1728 1015 1781 immobilem
1041 1743 1179 1788 esse,
1225 1724 1589 1826 perflantibus

25 1798 219 1865 ndique
243 1799 516 1866 procellis.

43 1869 194 1931 Quin
215 1878 273 1921 et
292 1869 614 1951 repentinos
635 1867 910 1922 exsistere
921 1867 1093 1936 ignes,
1116 1867 1240 1919 etin
1255 1867 1432 1935 aquia,
1455 1874 1511 1920 et
1533 1858 1590 1918 in

25 1939 299 2003 ›rporibus
308 1939 481 1990 etiam
504 1937 776 1992 humanis.
810 1940 858 1990 '1
861 1951 1216 2005 rasymenum
1234 1937 1414 1987 lacum
1427 1936 1590 1986 arsis·

25 2012 267 2060 ·totum=
291 2008 485 2061 Servio
508 2007 712 2062 Tullio
725 2004 1062 2060 dormienti·
1046 2023 1101 2057 ιιι
1123 2005 1385 2088 pueritia,
1409 2019 1479 2056 ex
1502 2018 1589 2054 ca·

31 2083 86 2130 te
105 2075 386 2131 flammam
406 2081 727 2133 emicuisse·
747 2077 815 2130 L.
829 2077 1074 2129 Marcio
1058 2093 1115 2128 in
1131 2075 1585 2156 Hispaniainter-

25 2149 131 2199 ntis
145 2141 501 2215 Scipionibus
525 2148 899 2209 concionanti,
923 2154 978 2200 et
1000 2147 1212 2198 milites
1230 2144 1301 2196 ad
1314 2143 1586 2194 ultionem

25 2215 337 2282 :hortanti‚
379 2222 583 2270 arsisse
622 2217 795 2269 simili
833 2217 1002 2270 modo
1029 2252 1047 2279 ,
1087 2214 1348 2267 Valerius
1388 2212 1586 2266 Antias

25 2292 183 2339 irrat.
219 2286 390 2340 Plura
410 2302 539 2339 mox
563 2292 622 2340 et
639 2286 994 2339 distinctius·
981 2324 995 2350 ‚
1015 2301 1160 2337 nunc
1171 2286 1319 2336 enim
1342 2296 1452 2349 qua

1318 2413 1366 2459 e,
1416 2397 1571 2451 festi·
1611 2407 1616 2414 ‘

26 2440 85 2476 m
110 2440 343 2492 egressa
364 2442 517 2479 mens
559 2425 1080 2493 interpretationem
1150 2480 1203 2517 m
1226 2466 1382 2519 velut
1404 2483 1570 2521 manu

25 2502 59 2547 ιῐ
103 2495 421 2563 legentium
444 2497 663 2549 animos
692 2507 793 2563 per
814 2502 904 2547 tot

25 2579 204 2687 1331·-
240 2634 380 2689 Pam
410 2650 447 2690 n
767 2609 910 2661 rum,
950 2597 1022 2684 de
1042 2614 1151 2682 qna
1167 2592 1435 2670 memoro,
1457 2625 1568 2661 am·
