2009 3025
226 143 529 200 NA'run.
566 146 916 203 ms'roa.
968 148 1131 206 Lm.
1171 150 1264 209 ιιι.
1286 152 1505 208 18-20.
1576 114 1683 207 253

91 248 199 301 culi
220 254 278 301 et
293 247 524 301 Liburni
542 247 778 317 plurima
821 250 942 303 eius
968 259 1181 309 tractus
1210 256 1455 316 tenuere,
1486 255 1543 305 in
1576 258 1683 321 pri·

86 319 190 369 mis
204 318 566 383 Palmensem,
585 320 1020 385 Praetutianum,
1041 323 1337 373 Adrianum
1381 338 1446 373 ue
1466 337 1679 391 agrum.

83 386 274 441 Umbri
315 402 413 440 eos
455 389 735 455 expulere,
767 389 1133 454 hosEtruria,
1175 390 1318 443 hanc
1360 391 1506 441 alli.
1559 391 1684 441 Um-

86 455 310 508 brorum
353 472 493 523 gens
533 457 919 526 antiquissima
963 460 1161 511 ltaliae
1201 461 1580 520 existimatur,
1621 466 1684 510 ut

86 539 225 591 quos
247 526 506 576 Omhrios
532 542 567 577 a
588 527 820 578 Graecis
842 533 1041 594 putent
1061 528 1259 592 dictos,
1284 528 1431 595 quod
1455 526 1685 579 inunda-

10 604 11 611 ’
86 595 533 647 tioneterrarum
556 596 821 648 imbribus
840 596 1263 662 superfuissent.
1300 600 1576 649 Trecenta
1595 610 1685 648 eo·

87 677 210 714 rum
237 663 441 728 oppida
463 663 673 715 Thusci
692 664 1000 719 debellasse
1023 666 1389 733 reperiuntur.
1444 665 1605 717 Nune
1626 664 1684 715 in

87 728 449 794 ora-flumen,
484 732 677 784 Aesis:
723 732 1061 800 senogallia.
1115 734 1409 786 Metaurus
1452 733 1684 785 fluvius:

87 798 366 862 coloniae,
407 800 619 852 Fanum
659 800 960 864 Fortunae,
1011 803 1304 855 Pisaurum
1340 817 1463 853 cum
1504 805 1683 853 amne.

85 870 158 922 Et
178 871 327 920 intus
345 869 678 936 Hispellum,
699 871 902 923 Tuder.
940 871 1027 924 De
1049 874 1237 923 cetero
1257 871 1517 932 Amerini,
1544 870 1689 920 Atti-

85 938 311 1001 diates,
341 939 674 1002 Asirinates,
714 941 984 1003 Arnates‚
1024 942 1338 1001 Aesinates,
1380 941 1685 1001 Camertes,
1742 951 1750 956 ’

85 1007 505 1069 Casuentillani,
545 1009 855 1072 Carsulani,
886 1009 1123 1061 Dolates
1146 1009 1474 1075 cognomine
1494 1006 1686 1058 Salen-

80 1075 220 1137 tini,
259 1075 611 1142 Fulginates,
657 1076 1209 1142 Foroflaminienses,
1250 1076 1683 1137 Foroiulienses,

82 1146 413 1213 cognomine
449 1148 881 1199 Concubienses:
925 1146 1352 1208 Forobrentani,
1391 1144 1685 1196 Forosem-

76 1213 437 1279 pronienses,
476 1215 717 1281 iguvini,
757 1217 1157 1275 Interamnates
1190 1216 1513 1282 cognomine
1543 1212 1685 1265 Nar-

76 1287 167 1334 tes
189 1299 206 1334 ε
249 1281 594 1345 Mevanates,
633 1284 1107 1347 Mevanionenses,
1144 1284 1512 1336 Matilicates:
1547 1281 1685 1333 Nar-

75 1352 326 1410 nienses,
368 1350 516 1414 quod
560 1352 823 1416 oppidum
864 1355 1176 1419 Nequinum
1216 1359 1385 1404 antea
1422 1355 1683 1414 vocatum

76 1427 203 1475 est:
252 1418 531 1477 Nucerini,
571 1420 898 1483 cognomine
927 1420 1316 1486 Favonienses,
1358 1425 1415 1473 et
1444 1418 1691 1471 Camela-

74 1490 161 1543 ni:
212 1485 548 1547 Ocriculani,
571 1487 813 1549 Ostrani,
833 1487 1097 1551 Pitulani,
1126 1491 1451 1555 cognomine
1470 1487 1689 1540 Pisuer-

74 1564 189 1621 tes,
215 1562 276 1610 et
294 1556 388 1606 alii
402 1556 764 1623 Mergentini:
785 1555 1079 1618 Pelestini,
1098 1553 1430 1621 Sentinates,
1443 1558 1689 1611 Sarsina·

75 1633 192 1691 tes,
215 1624 513 1691 Spoletini,
537 1623 793 1685 Suasani,
813 1622 1436 1688 Sestinates,Suillates,
1450 1628 1689 1679 Tadina-

76 1703 191 1758 tes,
213 1694 526 1757 Trebiates‚
545 1692 818 1757 Tuticani,
841 1692 1159 1746 Tifernates
1182 1695 1506 1758 cognomine
1524 1697 1690 1747 Tibe-

78 1765 210 1826 rin-i,
233 1768 293 1815 et
303 1763 399 1814 alii
414 1764 824 1815 Metaurenses:
856 1760 1260 1823 Vesionicates,
1286 1761 1588 1815 Urbanates
1599 1779 1689 1816 co-

79 1833 348 1901 gnomine
373 1829 775 1904 Metaurenses,
809 1837 866 1884 et
886 1832 989 1883 alii
1008 1830 1347 1881 Hortenses:
1382 1826 1687 1883 Vettonen-

79 1918 192 1963 ses,
204 1899 884 1961 Vindinates,Viventani.
919 1901 983 1951 ln
1007 1896 1114 1950 hoc
1132 1897 1528 1949 situ·interiere
1539 1898 1688 1950 Feli-

78 1971 323 2038 ginates,
341 1974 399 2020 et
419 1970 513 2035 qui
537 1965 841 2020 Clusiolum
862 1975 1093 2020 tenuere
1112 1982 1280 2034 snpra
1300 1967 1691 2020 Interamnam:

79 2038 526 2099 et‘Sarranate‘s,
566 2052 688 2090 cum
713 2037 962 2104 oppidis,
1001 2038 1239 2098 Acerris,
1281 2050 1420 2102 quae
1453 2023 1693 2089 ‘Vatriae

79 2106 642 2174 cognominabantur,
678 2106 978 2170 Turocelo,
1001 2105 1152 2173 quod
1175 2105 1507 2156 Netriolum.
1548 2105 1691 2157 ltem

76 2175 388 2237 Solinates,
431 2174 697 2237 curiates,
738 2175 1098 2236 Fallienates,
1127 2174 1481 2241 Apiennates.
1520 2174 1693 2226 Inter-

76 2246 201 2297 iere
236 2250 301 2296 et
319 2244 611 2296 Arienates
655 2258 777 2295 cum
821 2244 1117 2296 Crinovolo
1139 2281 1155 2308 ‚
1198 2250 1256 2296 et
1296 2241 1591 2305 Usidicani,
1633 2249 1692 2295 et

76 2313 446 2380 Plangenses,
484 2312 777 2374 Pisinates,
820 2313 1135 2365 Caelestini.
1190 2313 1462 2365 Ameriam
1494 2326 1688 2379 supra·

73 2385 351 2447 scriptam
391 2384 527 2433 Cato
570 2386 700 2433 ante
736 2380 928 2437 Persei
965 2382 1171 2434 bellum
1211 2382 1493 2436 conditam
1534 2381 1690 2434 annis

70 2439 498 2508 Dccchxlv
519 2449 784 2517 prodidit.

148 2520 280 2572 XX.
319 2521 533 2572 Octava
572 2521 727 2585 regio
772 2518 1175 2571 determinatur
1197 2520 1460 2581 Arimino,
1513 2518 1688 2581 Pado,

72 2588 394 2656 Apennino.
431 2588 491 2637 In
514 2602 614 2638 ora
635 2588 832 2640 fluvius
862 2588 1251 2658 Crustumium,
1271 2588 1573 2640 Ariminum
1594 2604 1684 2641 co-

75 2658 248 2710 lonia
268 2672 392 2712 cum
412 2657 664 2708 amnibus
684 2657 930 2711 Arimino
952 2663 1010 2711 et
1028 2659 1257 2725 Aprusa.
1308 2656 1538 2710 Fluvius
1560 2656 1688 2712 hinc
