2009 3025
215 149 530 205 NATUR.
570 145 920 208 ms'ron.
979 152 1148 207 Lm.
1186 154 1256 208 v.
1292 147 1522 208 36—38.
1567 132 1678 209 3³⁷-

45 269 209 322 quae
228 262 501 307 vocantur
519 242 743 325 Argiae,
779 271 1011 309 numero
1034 256 1254 323 viginti,
1294 261 1354 308 et
1373 257 1676 323 Hyetussa,

41 324 290 391 Lepsia,
314 325 510 376 Leros.
720 328 727 335 ’

118 393 502 446 ΝὈΒίΙίεεὶιιιει
524 401 707 446 autem
730 395 788 446 in
812 410 878 447 eo
899 394 1023 446 sinu
1045 395 1168 457 Cos,
1192 393 1260 446 ab
1273 392 1696 448 Halicarnasso.-

44 462 383 530 quindecim
415 465 554 515 mill.
587 480 846 531 passuum
886 465 1127 526 distans,
1165 464 1400 515 circuitu
1421 471 1676 515 centum:

43 539 111 583 ut
138 531 340 598 plures
364 533 715 595 existimant,
755 535 991 600 Merope
1012 538 1237 584 vocatae
1279 533 1421 594 Cea,
1461 539 1524 582 ut
1544 532 1669 584 Sta·
1754 524 1760 535 ‘

43 600 295 668 phylusz
342 602 622 668 Meropis,
664 608 728 653 ut
766 601 1099 669 Dionysius:
1153 600 1283 653 dein
1325 601 1671 668 Nymphaea.

44 670 344 723 Mons-ibi
385 670 582 723 Prion:
626 677 686 723 et
722 671 970 738 Nisyron
1003 672 1297 737 abruptam
1333 671 1418 721 illi
1457 677 1673 736 putant,

47 754 207 808 quae
226 737 535 806 Porphyris
556 747 725 793 antea
746 742 898 791 dieta
919 747 1023 791 est.
1067 740 1217 790 Hinc
1235 738 1531 805 caryanda
1550 754 1677 791 cum

49 808 292 876 oppido.
362 806 480 861 Nec
510 809 705 875 procul
742 811 811 860 ab
846 809 1245 860 Halicarnasso
1285 807 1537 858 Pidosus.
1612 810 1678 860 In
1763 823 1769 828 ·

49 876 354 930 Ceramico
393 883 577 930 autem
617 881 741 929 sinu
782 876 1223 942 Priaponnesos,
1261 876 1679 942 Hipponnesos‚

50 947 265 1014 Psyra,
288 945 442 1013 Mya‚
464 946 955 1014 Lampsemandus,
976 946 1225 1006 Passala,
1236 946 1431 1006 Crusa,
1444 944 1680 1012 Pyrrhe,
1761 972 1772 980 ·

50 1014 352 1082 Sepiussa,
386 1016 499 1066 Mel
509 1031 642 1068 ano:
686 1015 1025 1083 paulumque
1047 1030 1081 1066 a
1103 1015 1423 1065 continente
1445 1015 1680 1075 distans,

50 1098 204 1151 quae
224 1088 427 1135 vocata
450 1092 535 1136 est
549 1082 962 1150 Cinaedopolis,
983 1083 1278 1151 probrosis
1297 1084 1377 1137 ibi
1397 1083 1615 1135 relictis
1638 1097 1674 1133 a

47 1152 640 1275 reffxssllssffidlffniae
663 1238 766 1275 ora
788 1224 1049 1292 Tragisa,
1069 1229 1126 1276 et
1144 1225 1380 1276 Corseas
1403 1220 1590 1284 habet,
1611 1216 1675 1273 et

49 1292 278 1352 Icaron,
318 1289 387 1343 de
408 1306 518 1358 qua
541 1290 750 1343 dietum
775 1300 890 1344 estt
932 1294 1145 1354 Laden,
1189 1308 1334 1358 quae
1356 1291 1508 1359 prius
1528 1290 1674 1341 Late

50 1361 396 1412 vocabaturz
443 1368 610 1426 atque
643 1361 792 1411 inter
814 1361 1095 1427 ignobiles
1120 1361 1367 1426 aliquot,
1412 1359 1551 1409 duas
1571 1358 1673 1411 Ca-
1781 1396 1786 1405 .

49 1429 302 1480 melidas
311 1428 760 1489 Miletovieinas=
784 1422 1066 1495 Mycalae,
1087 1424 1369 1494 Trogilias
1389 1432 1532 1477 tres:
1558 1424 1678 1475 Psi-

50 1498 177 1560 lon,
219 1499 535 1565 Argennon,
565 1496 895 1550 Sandalion:
929 1497 1135 1549 Samon
1157 1496 1418 1556 liberam,
1435 1493 1677 1546 ein-cuitu
1725 1547 1728 1550 ,

52 1569 357 1636 octogiuta
389 1573 599 1634 septem
631 1566 771 1618 mill.
808 1582 1096 1632 passuum*
1141 1571 1267 1626 aut,
1306 1569 1371 1615 ut
1409 1562 1678 1623 Isidorus,

54 1644 315 1690 eentum:
340 1636 693 1690 partheniam
715 1636 948 1703 primum
966 1633 1324 1701 appellatam,
1339 1632 1674 1683 Aristoteles

51 1707 269 1771 tradit:
301 1713 501 1773 postea
518 1708 820 1773 Dryusam,
841 1704 1039 1756 deinde
1061 1702 1474 1755 Anthemusam.
1545 1699 1669 1760 Ari·

53 1775 331 1829 emeritus
361 1775 555 1827 adiicit
576 1771 1039 1841 Melamphyllum
1059 1808 1075 1836 ,
1117 1772 1246 1824 dein
1269 1767 1674 1838 Cyparissiamz

54 1847 163 1897 alii
186 1843 709 1906 Parthenoarusam,
738 1842 1076 1910 Stephanen.
1147 1842 1347 1893 Amnes
1369 1839 1427 1904 iu
1448 1852 1533 1900 ea,
1573 1836 1678 1887 Im-

54 1901 807 1975 brasus,Chesius,lbettes2
878 1911 1117 1963 Fontes:
1145 1907 1437 1976 Gigartho,
1457 1907 1673 1961 Leueo*
1757 1926 1780 1931 ’
1867 1945 1872 1954 .

60 1984 212 2038 thea.
286 1982 456 2034 Mons
477 1983 775 2034 Cercetius.
846 1975 1117 2036 Adiac'eut
1138 1979 1369 2043 insulae,
1387 1976 1674 2044 Rhypara,

58 2050 413 2119 Nymphaea,
436 2051 705 2103 Achillea.
1592 2101 1598 2106 .

131 2117 450 2171 xxxvm.
486 2120 598 2170 Par
617 2120 877 2171 claritate
901 2119 971 2171 ab
995 2135 1065 2171 ea
1082 2118 1255 2171 distat
1264 2114 1528 2168 xcmM.
1551 2128 1676 2180 pas-

58 2197 234 2242 suum
275 2203 395 2239 eum
438 2187 641 2254 oppido
686 2188 856 2240 Chios
898 2190 1077 2241 libera
1093 2215 1114 2249 ‚»
1150 2200 1313 2253 quam
1355 2182 1672 2237 Aethaliam

58 2257 331 2324 Ephorus
347 2258 530 2324 prisco
544 2258 763 2309 nomine
777 2258 1054 2324 appellat:
1079 2252 1439 2307 Metrodorus
1451 2257 1508 2302 et
1519 2251 1675 2303 Cleo-

59 2327 236 2379 bulus
249 2326 458 2388 Chiam,
477 2325 731 2378 achione
756 2326 1028 2396 nympha:
1050 2323 1222 2389 aliqui
1242 2321 1451 2372 anive=
1475 2326 1532 2371 et
1547 2320 1680 2371 Ma·-

62 2391 205 2458 crin,
230 2401 291 2447 et
311 2393 617 2462 Pityusam.
663 2395 914 2465 Montem
940 2393 1110 2445 habet
1130 2390 1503 2450 Pollentiam,
1527 2403 1671 2440 mar·-

61 2481 192 2518 mor
215 2462 428 2517 Chium.
468 2464 721 2516 Circuitu
742 2460 1038 2514 CXXVM.
1064 2472 1322 2525 passuum
1346 2458 1475 2510 coll·
1521 2458 1587 2521 it,
1611 2464 1680 2510 ut

62 2541 293 2587 veteres
312 2529 618 2596 tradidere,
637 2531 885 2586 Isidorus
904 2530 984 2582 lx
1003 2529 1184 2581 millia
1204 2526 1416 2579 adiicit.
1530 2528 1680 2588 osita

65 2611 158 2656 est
186 2606 343 2655 inter
381 2602 633 2666 Samum,
674 2608 731 2655 et
758 2602 1002 2655 Lesbum
1016 2633 1034 2663 ,
1072 2612 1140 2651 ex
1175 2596 1409 2652 adverso
1431 2596 1675 2662 maxime

61 2672 456 2740 Erythrarum.
674 2729 679 2734 .
840 2727 879 2746 κ
1519 2705 1526 2710 ,

135 2742 333 2793 Pam.
371 2740 538 2795 Tou.
574 2741 620 2793 1.
1213 2735 1270 2794 Y
1357 2775 1364 2778 -
