2009 3025
273 56 372 113 152
671 59 731 110 c.
766 55 1050 111 PL1N11
1083 44 1495 114 secunus.

265 159 409 227 αόσμ
418 177 477 210 ον
517 160 757 223 Graeci,
805 148 1037 213 *nomine
1075 159 1387 215 ornamenti
1424 155 1860 227 appellaverunt,

273 244 400 283 eum
420 244 532 282 nos·
549 245 585 283 a
603 229 849 296 perfecta
867 229 1230 297 absolutaque
1248 229 1550 297 elegantia,
1574 225 1859 278 mundum.

273 298 502 354 caelum
525 298 742 367 quidem
763 296 905 350 haud
927 299 1091 351 dubie
1131 299 1334 352 caelati
1373 301 1701 366 argumento
1725 292 1860 363 dixi·

141 350 180 417 Ἰ
270 381 411 430 mus,
450 373 512 419 ut
529 368 932 437 interpretatur
950 367 1028 419 M.
1049 365 1248 420 Varro.
1306 368 1544 420 Adiuvat
1562 378 1756 417 rerum
1777 375 1860 414 or·

207 448 214 455 “
270 435 362 498 do,
401 432 677 503 descripto
702 436 933 497 (simulo,
975 436 1069 503 qui
1090 435 1336 503 Signifer
1358 440 1606 495 vocatur,
1646 433 1708 483 in
1728 430 1859 482 duo·

270 504 449 557 deoim
490 505 808 557 animalium
852 505 1090 572 effigiese
1131 511 1187 558 et
1207 519 1308 574 per
1332 504 1463 558 illas
1484 501 1633 556 Solis
1653 512 1859 561 cursus,
1934 526 1935 531 κ

270 587 371 626 eon
414 586 575 626 ruens
596 579 685 626 tot
702 574 917 636 seculis,
938 575 1101 626 ratio.
1764 620 1771 629 ,

338 643 363 694 1
414 642 582 695 {Nee
621 642 690 696 de
712 642 997 695 elementis
1018 642 1183 694 video
1204 638 1484 704 dubitari,
1526 644 1772 706 quatuor
1792 649 1857 690 ea

269 726 409 764 esse.
439 712 655 778 Ignium
676 725 973 764 summum:
1011 710 1141 764 inde
1161 715 1250 762 tot
1269 709 1558 762 stellarum
1581 707 1854 760 eolluoene

265 781 408 833 tium
426 780 559 832 illos
580 778 791 834 oculos.
847 782 1167 834 Proximum
1189 779 1437 847 spiritus,
1473 791 1634 845 quem
1655 774 1857 828 Graeci
1918 796 1929 823 ε

267 849 553 918 nostrique
594 850 787 903 eodem
813 851 1084 903 vocabulo
1105 853 1235 902 aera
1253 847 1553 916 appellant.
1609 842 1868 897 Vitalein

268 915 431 981 hunc,
443 925 499 970 et
509 934 606 987 per
624 925 827 972 cuncta
846 935 1027 973 rerum
1054 917 1366 979 meabilem,
1381 923 1614 984 totoque
1636 925 1855 965 conser-

266 992 412 1038 tum:
439 985 600 1040 huius
620 987 677 1038 vi
697 1003 1037 1057 suspensam,
1060 1002 1184 1040 oum
1206 992 1404 1053 quarto
1426 997 1709 1053 aquarum·
1750 979 1856 1032 ele·

267 1062 473 1117 mento,
510 1058 712 1110 librari
746 1057 930 1111 medio
971 1058 1154 1123 spatio
1193 1056 1474 1109 tellurem.
1527 1055 1617 1106 lta
1659 1054 1854 1102 mutuo

270 1125 562 1190 complexu
603 1126 945 1180 diversitatis
985 1126 1131 1178 effici
1158 1139 1383 1186 nexum,
1406 1129 1468 1176 et
1484 1121 1631 1175 levia
1648 1116 1856 1185 pondo·

267 1192 419 1257 ribus
438 1190 691 1252 inhiberi,
724 1196 1035 1258 quominus
1057 1193 1305 1243 evolent:
1328 1198 1625 1254 contraque
1646 1186 1856 1254 gravia,

263 1273 337 1311 ne
359 1265 542 1322 ruant,
579 1258 859 1325 suspendi,
898 1259 1113 1313 levibus
1132 1260 1189 1310 in
1219 1257 1456 1310 sublime
1484 1254 1855 1308 tendentibus.

269 1325 364 1378 Sie
404 1327 524 1393 pari
546 1329 604 1379 in
624 1326 844 1381 diversa
862 1328 1007 1390 nisu,
1051 1327 1106 1376 vi
1125 1341 1226 1376 sua
1256 1340 1502 1393 quaeque
1541 1323 1860 1384 consistere,

268 1394 569 1464 irrequieto
591 1397 780 1448 mundi
799 1396 975 1463 ipsius
997 1394 1297 1447 constricta
1315 1394 1571 1446 circuituz
1594 1406 1705 1459 quo
1722 1404 1861 1444 sem·

272 1478 373 1532 per
405 1469 463 1517 in
491 1471 842 1528 oecurrente,
861 1466 1030 1518 imam
1052 1470 1216 1531 atque
1254 1463 1489 1517 mediam
1517 1463 1577 1515 ia
1596 1467 1720 1514 toto
1741 1473 1859 1514 esse

273 1540 501 1594 terram,
544 1534 881 1602 eandemque
917 1533 1166 1586 universi
1206 1533 1431 1586 cardine
1449 1539 1600 1586 stare
1617 1531 1858 1599 penden-

249 1609 383 1654 xtem
405 1641 420 1665 ,
461 1602 753 1659 librantem
796 1617 897 1671 per
943 1616 1087 1671 quae
1129 1602 1393 1668 pendeatx
1431 1602 1528 1655 ita.
1539 1600 1720 1655 solam
1759 1600 1858 1651 in·

201 1733 206 1738 ,
271 1671 530 1724 mobilem
560 1671 708 1723 eirea
747 1683 871 1726 eam
911 1669 1147 1725 volubili
1187 1670 1550 1724 universitate
1570 1707 1587 1732 ,
1629 1667 1859 1723 eandem

272 1751 342 1792 ex
366 1740 616 1792 omnibus
636 1745 800 1804 necti,
821 1742 1112 1808 eidemque
1133 1743 1318 1792 omnia
1338 1739 1519 1791 inniti.
1547 1738 1700 1790 Inter
1718 1735 1861 1789 haue

271 1808 592 1874 caelumque
630 1809 821 1862 eodem
861 1809 1069 1875 spiritu
1109 1808 1366 1875 pendent,
1400 1806 1578 1861 eertis
1618 1804 1863 1857 discreta

269 1876 482 1943 spatiis,
521 1882 733 1942 septem
771 1877 972 1939 sidera,
1016 1892 1156 1946 quae
1177 1877 1247 1929 ab
1266 1878 1482 1934 incessu
1500 1889 1761 1929 vocamus
1779 1887 1864 1925 er·
1926 1901 1939 1922 .

270 1944 471 2006 rantia,
514 1959 637 1997 eum
675 1951 862 1997 errent
882 1946 1036 2000 nulla
1058 1947 1238 1997 minus
1258 1946 1388 2016 illis.
1412 1946 1619 1998 Eorum
1642 1942 1860 1996 medius

271 2011 368 2064 Sol
413 2011 608 2077 fertur,
650 2013 992 2080 amplissima
1031 2014 1411 2082 magnitudine
1438 2030 1506 2068 ao
1545 2017 1858 2081 potestatee

270 2095 371 2133 nec
391 2079 698 2149 tempor-iun
722 2081 909 2145 modo,
947 2088 1343 2151 terrarumque,
1377 2084 1476 2137 sed
1514 2083 1761 2135 siderum
1775 2083 1856 2132 et-

265 2150 377 2208 iam
398 2151 661 2216 ipsorum,
699 2150 947 2218 oaelique
968 2157 1172 2204 rector.
1232 2153 1398 2204 Hune
1417 2151 1606 2205 mundi
1627 2165 1751 2204 esse
1768 2154 1855 2201 to·
1952 2157 1967 2174 ⁸
1988 2161 1991 2168 ·

265 2219 379 2270 tius
421 2219 684 2280 animum,
721 2233 785 2271 ao
820 2221 1036 2287 planius
1076 2221 1346 2284 'mentem
1386 2222 1532 2274 hunc
1552 2217 1858 2287 principale

269 2293 502 2339 naturae
541 2288 812 2355 regimen,
859 2304 926 2341 ae
962 2303 1164 2341 numen
1205 2289 1428 2343 eredere
1467 2292 1646 2352 deeet,
1685 2300 1859 2353 opera

272 2356 391 2408 eius
412 2355 786 2410 aestimantes.
823 2357 935 2412 Hic
954 2358 1133 2413 lucem
1153 2358 1314 2412 rebus
1334 2360 1633 2419 ministrat,
1653 2355 1858 2409 aufert·

270 2436 375 2489 que
395 2426 679 2479 tenebras:
719 2423 811 2481 hic
828 2428 1046 2497 reliqua
1065 2426 1256 2481 sidera
1275 2428 1538 2490 oeeultat,
1575 2428 1859 2480 illustrat:

270 2488 359 2542 hic
378 2492 521 2543 vines
543 2500 869 2562 temporum,
912 2507 1223 2563 annumque
1244 2512 1462 2564 semper
1480 2500 1859 2549 renascentem

161 2589 170 2600 ι
270 2572 341 2611 ex
361 2574 464 2614 usu
501 2570 733 2619 naturae
771 2571 1067 2634 temperat:
1088 2561 1183 2622 bie
1202 2565 1347 2619 caeli
1374 2564 1663 2620 tristitiam
1687 2557 1859 2620 didon·
