2009 3025
243 125 545 200 mmm.
598 147 940 202 msroR.
997 139 1542 207 L113.1v.26.'27.
1612 152 1722 211 291

181 247 333 301 Pone
357 264 451 301 eos
472 256 688 304 montes
709 254 962 320 ultraque
973 255 1301 321 Aquilonem
1327 270 1461 320 gens
1482 254 1623 308 felix
1646 259 1723 323 (si

111 318 402 381 credimus)
425 334 566 385 quos
587 322 988 388 Hyperboreos
1011 324 1600 394 appellavere,annoso
1613 326 1717 381 de.

105 387 194 456 git
212 403 367 451 aevo,
408 388 678 442 fabulosis
703 392 984 444 celebrata
1004 392 1308 445 miraculis,
1380 392 1464 444 lbi
1489 396 1720 447 credun·

108 464 203 508 tur
223 473 345 510 esse
369 459 621 510 cardines
640 461 831 512 mundi
849 499 865 525 ,
907 463 1253 529 extremique
1269 460 1513 513 siderum
1539 465 1715 515 ambi-

108 534 226 588 tus,
271 530 530 585 semestri
550 529 697 590 luce,
741 537 799 581 et
820 531 1037 595 unadie
1063 530 1211 584 Solis
1232 535 1439 583 aversi:
1482 546 1612 594 non,
1652 540 1719 584 ut

107 597 357 662 imperiti
379 597 586 659 dixere,
628 601 696 650 ab
720 601 1072 666 aequinoctio
1100 615 1270 652 verno
1290 600 1348 651 in
1370 607 1717 653 autumnum.

108 663 291 718 Semel
313 665 370 716 in
389 679 537 718 anno
553 668 801 719 solstitio
827 672 1088 721 oriuntur
1103 670 1176 720 iis
1201 668 1389 731 Soles,
1410 666 1719 738 brumaque

107 733 282 786 semel
304 735 579 788 occidunt.
652 737 828 804 Regio
851 739 1058 805 aprica,
1080 734 1235 791 felici
1253 738 1544 805 temperie,
1566 740 1719 790 omni

108 802 300 857 afflatu
325 805 501 856 noxio·
517 820 728 858 carens.
798 807 1016 859 Domus
1033 808 1104 859 iis
1128 823 1361 860 nemora
1381 809 1621 875 lucique,
1659 815 1720 860 et

110 873 342 927 deorum
363 874 543 925 cultus
562 877 768 927 viritim
791 877 1173 944 gregatimque
1189 895 1206 940 ;
1224 877 1505 929 discordia
1523 879 1722 944 ignota
1761 880 1769 891 '

108 949 165 996 ct
190 944 485 1009 aegritudo
509 946 705 996 omnis.
779 945 934 996 Mors
957 962 1070 997 non
1100 947 1210 997 nisi
1243 947 1507 999 satietate
1549 947 1719 1009 vitae,

107 1013 346 1079 epulatis
374 1013 736 1081 delibutoque
758 1020 916 1066 senio
939 1017 1103 1078 luxu,
1142 1030 1210 1066 ex
1232 1015 1471 1082 quadam
1503 1031 1639 1084 rupe
1663 1017 1721 1068 in

105 1095 262 1134 mare
298 1083 643 1135 salientibus.
716 1085 845 1149 Hoc
878 1100 1050 1153 genus
1091 1082 1418 1151 sepulturae
1464 1085 1724 1138 beatissi-

103 1165 274 1207 mum.
346 1151 585 1213 Quidam
613 1167 708 1204 eos
729 1156 787 1204 in
809 1155 986 1220 prima
1009 1161 1169 1220 parte
1188 1155 1350 1206 Asiae
1374 1155 1602 1207 litorum
1626 1171 1720 1222 po-

104 1235 286 1282 suere,
331 1222 517 1273 nonin
539 1222 794 1289 Europa,
834 1225 962 1290 quia
979 1230 1113 1275 sunt
1134 1224 1212 1275 ibi
1235 1223 1408 1274 simili
1429 1232 1727 1277 consuetu-

104 1291 236 1343 dine
262 1295 319 1341 et
338 1291 471 1351 situ,
500 1293 824 1343 Attacorum
846 1294 1086 1344 nomine.
1159 1292 1272 1344 Alii
1292 1293 1510 1345 medios
1531 1294 1719 1346 fecere

103 1374 200 1412 eos
220 1360 369 1410 inter
386 1364 684 1424 utrumque
706 1359 910 1422 Solem,
946 1361 1285 1429 Antipodum
1312 1377 1567 1414 occasum
1591 1377 1723 1413 exo·
1801 1388 1818 1392 -

98 1429 460 1494 rientemque
477 1436 755 1477 nostrum:
799 1429 945 1494 quod
966 1430 1089 1480 fieri
1114 1430 1265 1480 nullo
1303 1431 1471 1481 modo
1514 1436 1722 1496 potest,

101 1504 222 1552 tam
245 1502 406 1549 vasto
428 1495 567 1548 mari
589 1496 1013 1550 interveniente.
1084 1497 1193 1559 Qui
1218 1514 1328 1549 non
1348 1498 1513 1561 alibi,
1552 1515 1718 1566 quam

101 1569 162 1621 in
185 1568 449 1621 semestri
491 1567 614 1619 luce
658 1567 994 1619 constituere
1038 1582 1153 1628 eos,
1179 1581 1376 1628 ‚serere
1416 1572 1726 1629 matutinis,
1819 1634 1823 1637 Α

105 1638 346 1691 meridie
367 1643 610 1699 metere,
652 1636 944 1692 occidente
963 1635 1096 1688 Sole
1118 1636 1303 1687 foetus
1327 1636 1586 1688 arborum
1633 1637 1726 1689 dea-

109 1722 359 1774 cerpere,
399 1705 657 1758 noctibus
674 1706 731 1756 in
754 1721 953 1773 specus
974 1704 1136 1766 condj
1157 1703 1530 1758 tradiderunt.
1603 1706 1725 1757 Nec

107 1778 251 1830 libet
272 1776 527 1828 dubitare
550 1775 618 1828 de
642 1782 808 1842 gente
833 1790 931 1838 ea,
952 1790 1075 1827 cum
1097 1780 1182 1827 tot
1204 1779 1462 1826 auctores
1484 1775 1725 1841 prodant

94 1848 337 1914 'frugum
387 1846 673 1912 primitias
717 1846 919 1898 solitos
957 1844 1145 1896 Delon
1194 1846 1420 1901 mittere
1456 1844 1726 1911 Apollini,

52 1971 65 1978 ,
111 1932 277 1985 quem
299 1917 596 1982 praecipue
621 1915 829 1967 colunt.
899 1915 1162 1980 Virgines
1185 1912 1445 1966 ferebant
1466 1929 1578 1975 eas,
1618 1912 1720 1965 ho-

59 2033 66 2054 ,
109 1986 292 2053 spitiis
315 1986 558 2052 gentium
581 2000 680 2051 per
700 2000 874 2036 annos
893 1984 1113 2051 aliquot
1129 1984 1504 2037 venerabiles:
1527 1982 1724 2045 donec,

112 2057 327 2107 violata
348 2056 486 2119 fide,
509 2056 569 2105 in
590 2055 859 2122 proximis
878 2054 1191 2112 accolarum
1217 2054 1421 2107 finibus
1442 2055 1721 2120 deponere

100 2131 274 2178 'sacra
297 2137 364 2177 ea
382 2125 696 2195 instituere,
706 2123 872 2193 hique
895 2124 967 2175 ad
989 2124 1367 2178 conterminos
1388 2123 1631 2184 deferre,
1642 2130 1702 2173 at

150 2211 223 2247 ue
242 2198 324 2246 ita
343 2194 527 2248 Delon
549 2208 740 2259 usque.
810 2193 950 2245 Mox
991 2199 1049 2246 et
1089 2192 1198 2245 hoc
1235 2194 1416 2259 ipsum
1456 2191 1718 2245 exolevit.

156 2264 446 2327 armatiae,
458 2262 738 2329 Scythiae,
751 2258 1042 2325 Tauricae,
1059 2263 1348 2327 omnisque
1372 2259 1724 2328 aBorysthe·

112 2347 181 2386 ne
202 2349 362 2385 amne
381 2338 595 2390 tractus
619 2332 913 2399 longitudo
934 2330 1378 2385 Dccchxxx
1408 2330 1508 2393 Μ.,
1527 2330 1723 2380 latitu-

106 2400 184 2453 do
203 2402 494 2454 Dccxvn
529 2401 630 2465 Μ.,
672 2415 707 2451 a
724 2402 801 2452 M.
825 2402 1072 2468 Agrippa
1090 2399 1303 2451 tradita
1324 2405 1428 2451 est.
1451 2409 1454 2410 ’
1497 2400 1620 2465 Ego
1639 2398 1721 2449 in·

116 2477 323 2523 certam
344 2471 400 2521 in
422 2470 531 2522 hac
548 2477 818 2522 terrarum
842 2476 997 2537 parte
1023 2482 1334 2521 mensuram
1357 2468 1620 2521 arbitror.

185 2541 415 2593 xxvn.
453 2539 657 2592 Verum
680 2540 938 2590 instituto
965 2537 1158 2589 ordine
1190 2537 1409 2602 reliqua
1450 2536 1614 2589 huius
1650 2538 1730 2588 si-

117 2623 222 2661 nus
245 2610 536 2672 dicantur3
578 2615 635 2660 et
659 2609 836 2660 maria
857 2608 1073 2676 quidem
1112 2607 1231 2658 eius
1271 2611 1718 2674 nuncupavimus.

117 2679 520 2750 Hellespontus
539 2676 755 2731 insulas
771 2692 882 2730 aon
901 2678 1070 2731 habet
1106 2678 1165 2729 in
1190 2676 1418 2798 {ugopa
1438 2677 1715 2731 dicendas·
