2009 3025
390 60 572 117 NAT.
609 59 834 116 HlST.
874 58 1040 117 LlB.
1074 63 1155 122 11.
1229 62 1350 117 1.2.
1388 61 1440 116 3.
1613 60 1716 117 151

41 180 44 197 f
126 171 322 221 cuncta
341 165 506 232 plane
527 165 640 219 iam
665 165 779 217 sint
794 171 944 230 nota,
964 164 1049 217 ita
1070 166 1310 217 scrutari
1327 172 1540 220 extera:
1590 182 1720 237 qua-

123 239 321 293 sivero
350 249 665 287 mensuram
688 232 858 286 ullius
877 236 963 287 rei
984 238 1165 302 possit
1187 249 1372 302 agere,
1409 237 1504 303 qui
1525 241 1609 289 sui
1630 253 1720 291 ne-

122 306 294 368 sciat3
331 310 430 358 aut
449 320 604 358 mens
623 303 863 363 hominis
901 305 1111 367 videre,
1151 319 1294 373 quae
1333 305 1567 359 mundus
1600 308 1721 374 ipse

120 389 234 429 non
258 391 286 426 c
360 375 461 427 iat.

171 442 257 499 -ΙΙ,
288 390 555 497 {gor-mam
598 444 720 497 eius
741 444 796 495 in
819 443 1056 512 speciem
1080 445 1230 498 orbis
1261 444 1506 498 absoluti
1528 444 1719 512 globa-

117 521 234 566 tam
257 528 399 576 esse,
419 528 621 565 nomen
642 514 700 565 in
722 515 931 579 primis,
959 520 1020 566 et
1038 528 1332 567 consensus
1353 517 1410 566 in
1426 529 1495 567 eo
1516 520 1719 569 morta-

118 584 272 645 lium,
313 583 501 636 orbem
524 583 943 649 appellantium,
967 584 1062 635 sed
1085 592 1145 636 et·
1163 590 1491 652 argumenta
1511 598 1719 647 rerum,

118 652 354 705 docent:
398 666 507 704 non
546 653 731 704 solum
772 653 904 720 quia
942 654 1079 705 talis
1118 655 1300 722 figura
1342 653 1599 706 omnibus
1627 655 1718 705 sui

111 722 366 790 partibus
389 723 572 788 vergit
591 722 653 773 in
674 736 817 784 sese,
837 737 905 774 ac
925 722 1037 774 sibi
1055 723 1178 789 ipsa
1197 722 1489 775 toleranda
1510 727 1616 786 est,
1634 736 1719 775 so-

112 806 223 858 que
243 790 482 844 includit
500 797 557 843 et
593 794 859 853 continet,
903 792 1184 844 nullarum
1223 807 1393 860 egens
1437 791 1717 861 compagi-

111 875 249 916 num
270 898 286 925 ,
328 875 429 913 nec
452 862 614 913 finem
656 867 755 913 aut
790 861 1019 913 initium
1041 862 1174 914 ullis
1213 863 1304 912 sui
1324 863 1575 930 partibus
1594 877 1719 914 sen-

110 931 293 982 tiens:
331 945 434 982 nec
452 930 583 997 quia
603 930 673 982 ad
694 937 927 993 motum,
949 946 1061 998 quo
1079 930 1312 983 subinde
1331 932 1479 986 verti
1498 930 1718 992 debeat,

109 1005 181 1053 ut
199 1013 331 1051 mox
359 1001 669 1065 apparebit,
688 1000 820 1052 talis
841 1001 1134 1068 aptissima
1155 1007 1267 1052 est:
1308 1000 1408 1054 sed
1433 1001 1716 1053 oculorum

111 1083 337 1137 quoque
356 1068 709 1135 probatione:
733 1070 880 1136 quod
903 1085 1197 1132 convexus,
1216 1070 1558 1137 mediusque,
1580 1083 1714 1138 qua·

109 1152 335 1258 ¹{unque
356 1144 644 1192 cernatur:
685 1155 808 1192 cum
843 1138 906 1191 id
923 1140 1181 1196 accidere
1190 1139 1249 1190 in
1270 1140 1388 1193 alia
1408 1154 1517 1192 non
1539 1138 1719 1207 possit

233 1222 312 1259 ra.
461 1247 472 1253 -

154 1221 290 1327 8²illl.
331 1277 495 1327 Hanc
516 1289 650 1341 ergo
672 1273 907 1328 formam
929 1279 1051 1330 eius
1073 1282 1303 1331 aeterno
1324 1267 1383 1327 c't
1407 1274 1718 1342 irrequieto

15 1402 16 1405 Ἴ
107 1345 346 1404 ambitu,
365 1343 727 1396 inenarrabili
749 1346 1056 1404 celeritate,
1077 1345 1281 1411 viginti
1300 1350 1538 1411 quatuor
1560 1344 1723 1397 bora·

108 1425 246 1464 rum
266 1413 447 1476 spatio
472 1413 790 1478 circumagi,
822 1410 971 1462 Solis
991 1418 1220 1463 exortus
1244 1419 1303 1463 et
1324 1428 1554 1466 occasus
1574 1411 1750 1464 haud·

113 1479 349 1532 dubium
372 1479 662 1546 reliquere.
712 1482 794 1531 An
816 1479 893 1530 sit
917 1480 1238 1545 immensus,
1275 1487 1331 1534 et
1344 1482 1478 1537 ideo
1499 1496 1719 1537 sensum

110 1549 343 1602 aurium
365 1550 634 1600 excedens
653 1554 846 1600 tantae
867 1548 1033 1599 molis
1052 1556 1272 1600 rotatae
1291 1552 1563 1619 vertigine
1590 1556 1724 1604 assi-

110 1620 239 1673 dua²
253 1618 494 1680 sonitus,
517 1632 627 1669 non
651 1616 904 1682 equidem
923 1615 1090 1670 facile
1113 1617 1372 1668 dixerim:
1402 1633 1514 1671 non
1534 1619 1724 1673 hercle

109 1688 318 1756 magia,
343 1687 994 1754 quamcircumactorum
1020 1685 1186 1735 simul
1206 1685 1436 1736 tinnitus
1459 1685 1724 1753 siderum,

97 1768 357 1822 ‘suosque
378 1753 724 1807 volventium
741 1755 922 1817 orbes,
942 1769 1014 1806 an
1034 1752 1214 1806 dulcis
1235 1752 1457 1819 quidam
1477 1761 1536 1807 et
1553 1756 1726 1808 incre·

112 1826 282 1878 dibili
301 1824 586 1877 suavitate
608 1828 920 1876 concentus.
962 1823 1154 1884 Nobis,
1199 1822 1296 1889 qui
1316 1823 1464 1875 intus
1487 1821 1728 1892 agimus,
1795 1878 1815 1894 x

106 1896 277 1948 iuxta
295 1894 489 1947 diebus
510 1892 880 1961 noctibusque
899 1894 1108 1945 tacitus
1129 1891 1337 1944 labitur
1350 1892 1605 1946 mundus.
1627 1894 1728 1945 Es·

13 1993 16 1998 ·
109 1981 176 2019 se
196 1968 511 2016 innumeras
532 1964 587 2016 ei
610 1962 819 2031 effigies
842 1962 1166 2014 animalium
1188 1977 1484 2029 rerumque
1505 1968 1726 2015 cuncta·

109 2048 242 2086 rum
286 2032 602 2100 impressae,
642 2048 762 2094 nec,
801 2038 867 2084 ut
906 2033 964 2084 in
985 2032 1277 2085 volucrum
1301 2040 1561 2084 notamus
1586 2033 1727 2097 ovis,

103 2103 379 2157 laevitate
403 2104 672 2155 continua
693 2102 966 2154 lubricum
990 2116 1209 2170 corpus,
1251 2102 1402 2169 quod
1424 2101 1723 2154 clarissimi

106 2178 379 2224 auctores
400 2173 615 2235 dixere,
657 2186 840 2223 rerum
862 2173 1204 2239 argumentis
1235 2171 1535 2224 indicatur:
1588 2187 1723 2240 quo·

106 2243 263 2294 niam
275 2242 405 2294 inde
417 2241 668 2293 deciduis
687 2256 871 2292 rerum
894 2243 1137 2293 omnium
1158 2240 1460 2293 seminibus
1479 2242 1724 2295 innume·

13 2331 16 2332 ⁷
103 2326 231 2371 rae,
251 2311 309 2361 in
331 2311 475 2363 mari
497 2313 811 2377 praecipue,
832 2325 898 2363 ac
919 2311 1245 2378 plerumque
1266 2310 1527 2374 confusis,
1567 2327 1722 2363 mon·

105 2380 362 2433 striflcae
406 2382 709 2448 gignantur
738 2379 966 2447 effigies.
1030 2380 1332 2433 Praeterea
1351 2380 1504 2431 visus
1526 2380 1725 2449 proba»

101 2452 286 2512 tione,
310 2449 446 2501 alibi
474 2450 735 2516 plaustri,
756 2449 893 2501 alibi
913 2449 1049 2510 ursi,
1077 2452 1229 2506 tauri
1247 2449 1397 2514 alibi,
1438 2451 1578 2503 alibi
1596 2450 1724 2506 lite-

102 2534 209 2572 rae
255 2520 454 2587 figura,
495 2519 818 2571 candidiore
860 2517 1046 2586 medio
1069 2531 1170 2585 per
1187 2519 1453 2571 verticem
1492 2521 1720 2573 circulo.

101 2586 389 2659 Equidem
431 2591 490 2643 et
509 2597 778 2642 consensu
814 2586 1063 2659 gentium
1089 2600 1334 2643 moveor.
1396 2590 1538 2645 Nam
1556 2605 1716 2661 quem
