2009 3025
276 152 586 211 NA'rna.
635 156 985 227 msross.
1035 158 1204 214 mn.
1252 158 1322 212 v.
1365 160 1521 216 2-4,
1611 161 1715 218 εον

83 256 546 326 Hipponensem,
561 254 874 326 proximu'm
897 262 968 315 ab
991 263 1212 330 oppido,
1234 263 1381 332 quod
1404 264 1720 333 Hipponem

83 327 354 379 dirutum
373 337 595 392 vocant,
636 330 1003 399 Diarrhytum
1028 348 1061 383 a
1083 331 1310 384 Graecis
1334 332 1566 397 dictum,
1595 349 1721 402 pro·

84 403 229 464 pter
251 410 523 463 aquarum
548 398 785 467 irrigua.
826 400 928 452 Cui
952 400 1247 453 finitimum
1269 400 1598 465 Theudalis,
1621 403 1724 455 im-

86 481 270 517 mune
297 466 582 533 oppidum,
605 469 824 537 longius
845 483 876 521 a
897 470 1086 524 litore.
1105 467 1248 522 Dein
1269 472 1721 538 promontorium

87 532 401 602 Apollinis,
419 543 478 589 et
497 537 553 588 in
569 538 750 590 altero
762 537 891 591 sinu
900 538 1083 600 Utica,
1096 540 1305 593 civium
1319 541 1719 603 Romanorum,

89 605 335 656 Catonis
345 613 537 658 morte
556 606 788 668 nobilis:
819 607 1025 661 flumen
1044 608 1324 677 Bagrada.
1393 610 1597 671 Locus,
1620 611 1721 660 Ca-

87 679 216 724 stra
238 674 533 727 Cornelia:
568 676 788 728 colonia
808 674 1105 747 Carthago,
1126 691 1362 747 magnae
1379 678 1436 729 in
1458 678 1719 744 vestigiis

88 741 494 813 Carthaginis-z
534 745 1044 798 coloniaMaxulla.
1117 748 1361 815 Oppida=
1408 748 1587 813 Carpi,
1616 747 1719 803 Mi-

87 818 214 875 su,
238 819 299 864 et
319 812 556 866 liberum
570 816 781 883 Clupea
799 814 857 867 in
875 817 1258 885 promontorio
1272 816 1560 869 Mercurii.
1580 817 1719 868 Item

10 928 13 941 =
85 877 281 934 libera
302 882 556 947 Curubis,
574 884 860 953 Neapolis.
905 883 1044 938 Mox
1064 884 1284 939 Africae
1306 885 1482 952 ipsius
1501 885 1618 937 alia
1638 885 1724 935 di·-

84 950 358 1003 stinctio.
429 952 875 1021 Libyphoenices
893 960 1181 1016 vocantur,
1205 956 1296 1021 qui
1312 954 1617 1022 Byzacium
1637 956 1720 1004 in.
1745 977 1760 994 e

91 1019 316 1073 colunt.
364 1023 476 1075 »lta
507 1023 823 1090 appellatur
849 1025 1008 1090 regio
1045 1023 1181 1077 CCL
1200 1023 1279 1075 Μ.
1303 1038 1453 1091 pass.
1476 1039 1578 1091 per
1611 1024 1717 1074 cir-

91 1089 339 1172 ιιιιιὶξῐιιηζ
381 1090 697 1144 fertilitatis
737 1093 998 1171 eximiae,
1041 1106 1164 1144 cum
1206 1092 1512 1175 centesima
1546 1092 1716 1174 ‘fruge

93 1158 1718 1298 {2332335332Q253335353233rh..gzazffffzsszzgifflgs

93 1297 488 1373 Macomades,
509 1301 748 1366 Tacape.
771 1299 1012 1351 Sabi-ata
1031 1300 1358 1366 contingens
1379 1298 1592 1368 Syrtim
1615 1303 1716 1350 mi·

89 1381 330 1428 norem,
367 1368 438 1419 ad
461 1384 623 1435 quam
653 1367 957 1420 Numidiae
989 1374 1049 1419 et
1079 1367 1300 1420 Africae
1337 1371 1407 1422 ab
1435 1369 1714 1434 Ampsaga

85 1435 395 1504 longitudo
416 1438 683 1490 thxx
703 1437 784 1488 M.
806 1450 1095 1504 passuum=
1118 1435 1379 1500 latitudo,
1404 1449 1516 1504 qua
1528 1439 1713 1504 cogni·

88 1514 218 1559 tum
243 1512 350 1569 est,
374 1507 462 1559 CC
481 1506 561 1559 Μ.
584 1508 671 1561 Ea
688 1521 836 1575 pars,
857 1504 1278 1574 quamAfticam
1292 1504 1711 1573 appellavimus,
1739 1549 1758 1557 -

56 1615 73 1634 x
88 1574 378 1631 dividitur
395 1578 453 1628 in
476 1577 615 1630 duas
633 1577 966 1644 provincias,
1009 1580 1256 1627 veterem
1278 1580 1335 1626 et
1357 1589 1575 1639 novam,
1606 1575 1713 1626 ‹lis-
1769 1581 1774 1586 ’
1821 1599 1835 1618 2

88 1652 285 1699 cretas
328 1645 486 1700 fossa
525 1647 678 1700 inter
712 1644 1035 1700 Africanum
1074 1648 1401 1711 sequentem
1432 1650 1489 1696 et
1530 1659 1710 1711 reges,

88 1715 327 1769 Thenas
343 1713 520 1784 'usque
540 1716 828 1786 perducta,
859 1712 1010 1784 quod
1030 1712 1295 1783 oppidum
1320 1728 1356 1766 a
1374 1712 1712 1783 Carthagine
1778 1723 1783 1730 '

87 1788 259 1843 abest
279 1786 500 1841 CCXVI
517 1788 598 1841 M.
623 1799 772 1854 pass.

158 1858 265 1911 IV.
304 1856 534 1910 Tertius
569 1858 721 1908 sinus
762 1852 1028 1906 dividitur
1066 1851 1126 1903 in
1162 1852 1434 1921 geminos,
1476 1850 1709 1903 duarum

91 1918 352 1999 Syrtium
379 1926 592 1987 vadoso
617 1939 683 1978 ac
703 1924 990 1991 reciproco
1013 1920 1154 1974 mari
1174 1922 1345 1974 diros.
1416 1919 1499 1973 Ad
1521 1922 1708 1988 proxi-

91 2006 277 2061 mam,
316 2011 461 2065 quae
491 1997 675 2047 minor
703 1999 817 2057 est,
857 1995 899 2045 a'
923 1990 1263 2059 Carthagine
1299 1988 1430 2044 CCC
1461 1992 1541 2043 Μ.
1563 2002 1711 2057 pass.

89 2066 372 2136 Polybius
403 2066 610 2117 tradit:
651 2065 830 2153 ipsam
861 2068 1081 2114 centum
1116 2062 1197 2114 Μ.
1227 2074 1491 2127 passuum
1525 2060 1711 2128 aditu,

91 2138 232 2191 CCC
250 2137 332 2189 Μ.
355 2135 585 2187 ambitu.
628 2133 734 2200 „ht
751 2138 904 2186 terra
925 2137 1142 2194 autem,
1178 2130 1422 2186 siderum
1446 2130 1707 2190 observa-

92 2209 286 2269 tione,
323 2204 393 2257 ad
417 2219 539 2255 eam
562 2217 662 2271 per
691 2202 915 2255 deserta
944 2199 1157 2264 arenis,
1194 2212 1401 2266 perque
1424 2205 1707 2265 serpentes

12 2273 13 2276 ’
91 2278 208 2329 iter
227 2279 335 2328 est.
389 2272 691 2340 Excipiunt
709 2271 886 2323 saltus
907 2268 1112 2337 repleti
1130 2268 1379 2338 ferarum
1398 2268 1708 2320 multitudi-
1785 2305 1796 2314 s

90 2362 193 2398 nez
238 2350 299 2398 et
315 2344 596 2395 introrsus
616 2340 1039 2407 elephantorum
1062 2335 1396 2391 solitudines
1411 2372 1429 2400 ‚
1463 2351 1594 2391 mox
1616 2337 1707 2389 de-
1797 2339 1802 2348 ‘

90 2419 253 2468 serta
271 2416 449 2475 vasta,
468 2412 724 2480 ultraque
743 2410 1129 2471 Garamantes,
1148 2406 1219 2459 ab
1237 2407 1470 2475 Augylis
1492 2408 1704 2476 dierum

91 2482 201 2537 ΧΠ
219 2483 431 2536 itinero
451 2480 749 2533 distantes.
813 2477 889 2530 Su
932 2492 996 2529 er
1014 2475 1145 2529 illos
1168 2476 1330 2530 fuere
1351 2491 1485 2544 gens
1508 2476 1703 2544 Psylli,

90 2566 264 2620 super
283 2566 421 2618 quos
455 2550 609 2602 lacus
630 2492 993 2616 Lycomedis,
1038 2544 1275 2599 desertis
1309 2545 1700 2599 circumdatus.

88 2620 349 2689 Angylae
369 2619 482 2687 ipsi
498 2618 680 2671 medio
699 2617 817 2670 fere
835 2616 1021 2684 spatio
1036 2615 1291 2669 locantur
1305 2615 1373 2668 ab
1385 2615 1701 2683 Aethiopia,

90 2699 239 2759 quae
271 2688 347 2745 ad
379 2687 724 2742 occidentem
756 2687 967 2756 vergit,
1005 2690 1066 2742 et
1087 2699 1124 2739 a
1141 2688 1369 2806 ugione
1400 2701 1543 2755 quae
1553 2685 1699 2737 duas
1723 2706 1732 2711 -

1706 2828 1728 2857 θ
