<?xml version="1.0" encoding="UTF-8"?>
<!DOCTYPE html PUBLIC "-//W3C//DTD XHTML 1.0 Transitional//EN"
    "http://www.w3.org/TR/xhtml1/DTD/xhtml1-transitional.dtd">
<html xmlns="http://www.w3.org/1999/xhtml" xml:lang="en" lang="en">
 <head>
  <title>
</title>
<meta http-equiv="Content-Type" content="text/html;charset=utf-8" />
  <meta name='ocr-system' content='tesseract 3.04.00' />
  <meta name='ocr-capabilities' content='ocr_page ocr_carea ocr_par ocr_line ocrx_word'/>
</head>
<body>
  <div class='ocr_page' id='page_1' title='image "./caiipliniisecun04plingoog_0158.png"; bbox 0 0 2009 3025; ppageno 0'>
   <div class='ocr_carea' id='block_1_1' title="bbox 319 132 1895 167">
    <p class='ocr_par' dir='ltr' id='par_1_1' title="bbox 319 132 1895 167">
     <span class='ocr_line' id='line_1_1' title="bbox 319 132 1895 167; baseline 0 2858"><span class='ocrx_word' id='word_1_1' title='bbox 319 132 1895 167; x_wconf 95' lang='lat' dir='ltr'><strong> </strong></span> 
     </span>
    </p>
   </div>
   <div class='ocr_carea' id='block_1_2' title="bbox 534 609 1703 690">
    <p class='ocr_par' dir='ltr' id='par_1_2' title="bbox 534 609 1703 690">
     <span class='ocr_line' id='line_1_2' title="bbox 534 609 1703 690; baseline -0.007 -1"><span class='ocrx_word' id='word_1_2' title='bbox 534 615 613 689; x_wconf 89' lang='lat' dir='ltr'><strong>C.</strong></span> <span class='ocrx_word' id='word_1_3' title='bbox 724 613 1088 690; x_wconf 90' lang='lat' dir='ltr'><strong>PLINII</strong></span> <span class='ocrx_word' id='word_1_4' title='bbox 1191 609 1703 688; x_wconf 83' lang='lat' dir='ltr'><strong>SECUNDI</strong></span> 
     </span>
    </p>
   </div>
   <div class='ocr_carea' id='block_1_3' title="bbox 312 739 1920 952">
    <p class='ocr_par' dir='ltr' id='par_1_3' title="bbox 312 739 1920 952">
     <span class='ocr_line' id='line_1_3' title="bbox 312 739 1920 834; baseline -0.004 -3"><span class='ocrx_word' id='word_1_5' title='bbox 312 744 1091 831; x_wconf 86' lang='lat' dir='ltr'><strong>NATURALIS</strong></span> <span class='ocrx_word' id='word_1_6' title='bbox 1160 739 1920 834; x_wconf 86' lang='lat' dir='ltr'><strong>HISTORIAE</strong></span> 
     </span>
     <span class='ocr_line' id='line_1_4' title="bbox 593 886 1414 952; baseline -0.007 2"><span class='ocrx_word' id='word_1_7' title='bbox 593 926 596 927; x_wconf 28' lang='lat' dir='ltr'><em>f</em></span> <span class='ocrx_word' id='word_1_8' title='bbox 806 890 869 952; x_wconf 72' lang='lat' dir='ltr'>h</span> <span class='ocrx_word' id='word_1_9' title='bbox 914 887 947 952; x_wconf 95' lang='lat'>1</span> <span class='ocrx_word' id='word_1_10' title='bbox 989 886 1046 950; x_wconf 85' lang='lat' dir='ltr'><strong>B</strong></span> <span class='ocrx_word' id='word_1_11' title='bbox 1087 886 1150 951; x_wconf 83' lang='lat' dir='ltr'><strong>E</strong></span> <span class='ocrx_word' id='word_1_12' title='bbox 1184 886 1243 950; x_wconf 83' lang='lat' dir='ltr'><strong>R</strong></span> <span class='ocrx_word' id='word_1_13' title='bbox 1330 891 1414 949; x_wconf 86' lang='lat' dir='ltr'><strong>u.</strong></span> 
     </span>
    </p>
   </div>
   <div class='ocr_carea' id='block_1_4' title="bbox 880 1045 1281 1063">
    <p class='ocr_par' dir='ltr' id='par_1_4' title="bbox 880 1045 1281 1063">
     <span class='ocr_line' id='line_1_5' title="bbox 880 1045 1281 1063; baseline 0 1962"><span class='ocrx_word' id='word_1_14' title='bbox 880 1045 1281 1063; x_wconf 95' lang='lat' dir='ltr'><strong> </strong></span> 
     </span>
    </p>
   </div>
   <div class='ocr_carea' id='block_1_5' title="bbox 308 1144 1983 2001">
    <p class='ocr_par' dir='ltr' id='par_1_5' title="bbox 308 1144 1983 2001">
     <span class='ocr_line' id='line_1_6' title="bbox 309 1144 1919 1241; baseline 0 -15"><span class='ocrx_word' id='word_1_15' title='bbox 309 1177 368 1226; x_wconf 88' lang='lat'><strong>1.·</strong></span> <span class='ocrx_word' id='word_1_16' title='bbox 394 1144 717 1237; x_wconf 82' lang='lat' dir='ltr'><strong>Mundum,</strong></span> <span class='ocrx_word' id='word_1_17' title='bbox 762 1182 822 1228; x_wconf 82' lang='lat' dir='ltr'><strong>et</strong></span> <span class='ocrx_word' id='word_1_18' title='bbox 849 1175 972 1237; x_wconf 85' lang='lat' dir='ltr'><strong>hoc,</strong></span> <span class='ocrx_word' id='word_1_19' title='bbox 1012 1176 1160 1241; x_wconf 83' lang='lat' dir='ltr'><strong>quod</strong></span> <span class='ocrx_word' id='word_1_20' title='bbox 1188 1174 1409 1227; x_wconf 86' lang='lat' dir='ltr'><strong>nomine</strong></span> <span class='ocrx_word' id='word_1_21' title='bbox 1433 1174 1547 1224; x_wconf 81' lang='lat' dir='ltr'><strong>alio</strong></span> <span class='ocrx_word' id='word_1_22' title='bbox 1580 1175 1818 1225; x_wconf 84' lang='lat' dir='ltr'><strong>caelum</strong></span> <span class='ocrx_word' id='word_1_23' title='bbox 1837 1188 1919 1240; x_wconf 54' lang='lat' dir='ltr'><strong>apa</strong></span> 
     </span>
     <span class='ocr_line' id='line_1_7' title="bbox 308 1241 1923 1311; baseline 0 -19"><span class='ocrx_word' id='word_1_24' title='bbox 308 1241 522 1311; x_wconf 79' lang='lat' dir='ltr'><strong>pellare</strong></span> <span class='ocrx_word' id='word_1_25' title='bbox 543 1242 722 1303; x_wconf 86' lang='lat' dir='ltr'><strong>libuit,</strong></span> <span class='ocrx_word' id='word_1_26' title='bbox 747 1243 904 1299; x_wconf 70' lang='lat' dir='ltr'><strong>cuius</strong></span> <span class='ocrx_word' id='word_1_27' title='bbox 922 1243 1281 1296; x_wconf 84' lang='lat' dir='ltr'><strong>circumflexu</strong></span> <span class='ocrx_word' id='word_1_28' title='bbox 1302 1248 1570 1310; x_wconf 84' lang='lat' dir='ltr'><strong>teguntur</strong></span> <span class='ocrx_word' id='word_1_29' title='bbox 1592 1251 1820 1304; x_wconf 83' lang='lat' dir='ltr'><strong>cuncta,</strong></span> <span class='ocrx_word' id='word_1_30' title='bbox 1839 1258 1923 1293; x_wconf 85' lang='lat' dir='ltr'><strong>nu-</strong></span> 
     </span>
     <span class='ocr_line' id='line_1_8' title="bbox 314 1311 1924 1395; baseline -0.001 -32"><span class='ocrx_word' id='word_1_31' title='bbox 314 1325 443 1363; x_wconf 86' lang='lat' dir='ltr'><strong>men</strong></span> <span class='ocrx_word' id='word_1_32' title='bbox 465 1326 588 1363; x_wconf 84' lang='lat' dir='ltr'><strong>esso</strong></span> <span class='ocrx_word' id='word_1_33' title='bbox 610 1311 763 1365; x_wconf 85' lang='lat' dir='ltr'><strong>credi</strong></span> <span class='ocrx_word' id='word_1_34' title='bbox 785 1327 886 1395; x_wconf 63' lang='lat' dir='ltr'><strong>par</strong></span> <span class='ocrx_word' id='word_1_35' title='bbox 910 1319 1013 1375; x_wconf 84' lang='lat' dir='ltr'><strong>est,</strong></span> <span class='ocrx_word' id='word_1_36' title='bbox 1039 1319 1347 1373; x_wconf 84' lang='lat' dir='ltr'><strong>aeternum,</strong></span> <span class='ocrx_word' id='word_1_37' title='bbox 1366 1313 1727 1374; x_wconf 84' lang='lat' dir='ltr'><strong>immensum,</strong></span> <span class='ocrx_word' id='word_1_38' title='bbox 1754 1326 1924 1378; x_wconf 86' lang='lat' dir='ltr'><strong>neque</strong></span> 
     </span>
     <span class='ocr_line' id='line_1_9' title="bbox 313 1378 1925 1449; baseline -0.001 -16"><span class='ocrx_word' id='word_1_39' title='bbox 313 1378 585 1449; x_wconf 85' lang='lat' dir='ltr'><strong>genitum,</strong></span> <span class='ocrx_word' id='word_1_40' title='bbox 621 1396 797 1448; x_wconf 86' lang='lat' dir='ltr'><strong>neque</strong></span> <span class='ocrx_word' id='word_1_41' title='bbox 817 1382 1174 1436; x_wconf 76' lang='lat' dir='ltr'><strong>interiturum</strong></span> <span class='ocrx_word' id='word_1_42' title='bbox 1199 1396 1465 1449; x_wconf 62' lang='lat' dir='ltr'><strong>unquanu</strong></span> <span class='ocrx_word' id='word_1_43' title='bbox 1515 1379 1714 1432; x_wconf 76' lang='lat' dir='ltr'><strong>Huius</strong></span> <span class='ocrx_word' id='word_1_44' title='bbox 1738 1388 1925 1432; x_wconf 81' lang='lat' dir='ltr'><strong>extera</strong></span> 
     </span>
     <span class='ocr_line' id='line_1_10' title="bbox 313 1448 1983 1520; baseline 0 -20"><span class='ocrx_word' id='word_1_45' title='bbox 313 1448 603 1520; x_wconf 73' lang='lat' dir='ltr'><strong>indagare,</strong></span> <span class='ocrx_word' id='word_1_46' title='bbox 626 1466 729 1504; x_wconf 83' lang='lat' dir='ltr'><strong>nec</strong></span> <span class='ocrx_word' id='word_1_47' title='bbox 751 1451 986 1504; x_wconf 85' lang='lat' dir='ltr'><strong>interest</strong></span> <span class='ocrx_word' id='word_1_48' title='bbox 1004 1450 1310 1514; x_wconf 88' lang='lat' dir='ltr'><strong>hominum,</strong></span> <span class='ocrx_word' id='word_1_49' title='bbox 1353 1465 1457 1502; x_wconf 89' lang='lat' dir='ltr'><strong>nec</strong></span> <span class='ocrx_word' id='word_1_50' title='bbox 1479 1450 1633 1516; x_wconf 80' lang='lat' dir='ltr'><strong>capit</strong></span> <span class='ocrx_word' id='word_1_51' title='bbox 1654 1448 1926 1501; x_wconf 77' lang='lat' dir='ltr'>humanae</span> <span class='ocrx_word' id='word_1_52' title='bbox 1982 1462 1983 1473; x_wconf 60' lang='lat'>¹</span> 
     </span>
     <span class='ocr_line' id='line_1_11' title="bbox 318 1518 1927 1584; baseline -0.001 -13"><span class='ocrx_word' id='word_1_53' title='bbox 318 1518 643 1573; x_wconf 75' lang='lat' dir='ltr'><strong>coniectura</strong></span> <span class='ocrx_word' id='word_1_54' title='bbox 664 1524 884 1574; x_wconf 80' lang='lat' dir='ltr'><strong>mentis,</strong></span> <span class='ocrx_word' id='word_1_55' title='bbox 944 1519 1118 1574; x_wconf 83' lang='lat' dir='ltr'><strong>Sacer</strong></span> <span class='ocrx_word' id='word_1_56' title='bbox 1138 1528 1240 1584; x_wconf 87' lang='lat' dir='ltr'><strong>est,</strong></span> <span class='ocrx_word' id='word_1_57' title='bbox 1275 1526 1566 1582; x_wconf 78' lang='lat' dir='ltr'><strong>aeternus,</strong></span> <span class='ocrx_word' id='word_1_58' title='bbox 1607 1519 1927 1579; x_wconf 78' lang='lat' dir='ltr'><strong>immensus,</strong></span> 
     </span>
     <span class='ocr_line' id='line_1_12' title="bbox 319 1587 1925 1657; baseline -0.002 -15"><span class='ocrx_word' id='word_1_59' title='bbox 319 1593 475 1642; x_wconf 80' lang='lat' dir='ltr'><strong>totus</strong></span> <span class='ocrx_word' id='word_1_60' title='bbox 495 1587 553 1640; x_wconf 78' lang='lat' dir='ltr'><strong>in</strong></span> <span class='ocrx_word' id='word_1_61' title='bbox 571 1595 716 1652; x_wconf 86' lang='lat' dir='ltr'><strong>toto,</strong></span> <span class='ocrx_word' id='word_1_62' title='bbox 754 1591 926 1643; x_wconf 86' lang='lat' dir='ltr'><strong>immo</strong></span> <span class='ocrx_word' id='word_1_63' title='bbox 948 1605 1081 1642; x_wconf 82' lang='lat' dir='ltr'><strong>vero</strong></span> <span class='ocrx_word' id='word_1_64' title='bbox 1119 1590 1243 1657; x_wconf 83' lang='lat' dir='ltr'><strong>ipse</strong></span> <span class='ocrx_word' id='word_1_65' title='bbox 1261 1594 1473 1653; x_wconf 68' lang='lat' dir='ltr'><strong>totunm</strong></span> <span class='ocrx_word' id='word_1_66' title='bbox 1512 1588 1728 1651; x_wconf 82' lang='lat' dir='ltr'><strong>finitus,</strong></span> <span class='ocrx_word' id='word_1_67' title='bbox 1774 1595 1836 1640; x_wconf 85' lang='lat' dir='ltr'><strong>et</strong></span> <span class='ocrx_word' id='word_1_68' title='bbox 1854 1589 1925 1640; x_wconf 81' lang='lat' dir='ltr'><strong>in-</strong></span> 
     </span>
     <span class='ocr_line' id='line_1_13' title="bbox 320 1657 1925 1723; baseline -0.001 -15"><span class='ocrx_word' id='word_1_69' title='bbox 320 1657 484 1709; x_wconf 81' lang='lat' dir='ltr'><strong>finito</strong></span> <span class='ocrx_word' id='word_1_70' title='bbox 502 1658 733 1723; x_wconf 61' lang='lat' dir='ltr'><strong>similitu</strong></span> <span class='ocrx_word' id='word_1_71' title='bbox 773 1659 1020 1711; x_wconf 85' lang='lat' dir='ltr'><strong>omnium</strong></span> <span class='ocrx_word' id='word_1_72' title='bbox 1059 1674 1244 1712; x_wconf 80' lang='lat' dir='ltr'><strong>rerum</strong></span> <span class='ocrx_word' id='word_1_73' title='bbox 1267 1665 1453 1713; x_wconf 83' lang='lat' dir='ltr'><strong>certus</strong></span> <span class='ocrx_word' id='word_1_74' title='bbox 1475 1693 1493 1721; x_wconf 86' lang='lat'><strong>,</strong></span> <span class='ocrx_word' id='word_1_75' title='bbox 1534 1664 1593 1709; x_wconf 87' lang='lat' dir='ltr'><strong>et</strong></span> <span class='ocrx_word' id='word_1_76' title='bbox 1611 1657 1833 1716; x_wconf 73' lang='lat' dir='ltr'><strong>,similis</strong></span> <span class='ocrx_word' id='word_1_77' title='bbox 1853 1657 1925 1707; x_wconf 85' lang='lat' dir='ltr'><strong>in·</strong></span> 
     </span>
     <span class='ocr_line' id='line_1_14' title="bbox 320 1726 1927 1794; baseline -0.002 -15"><span class='ocrx_word' id='word_1_78' title='bbox 320 1733 505 1790; x_wconf 62' lang='grc' dir='ltr'><strong>οπεος</strong></span> <span class='ocrx_word' id='word_1_79' title='bbox 527 1733 701 1790; x_wconf 82' lang='lat' dir='ltr'><strong>extra,</strong></span> <span class='ocrx_word' id='word_1_80' title='bbox 722 1730 886 1792; x_wconf 84' lang='lat' dir='ltr'><strong>intra,</strong></span> <span class='ocrx_word' id='word_1_81' title='bbox 908 1734 1110 1781; x_wconf 86' lang='lat' dir='ltr'><strong>cuncta</strong></span> <span class='ocrx_word' id='word_1_82' title='bbox 1130 1728 1449 1794; x_wconf 84' lang='lat' dir='ltr'><strong>complexus</strong></span> <span class='ocrx_word' id='word_1_83' title='bbox 1470 1730 1527 1779; x_wconf 85' lang='lat' dir='ltr'><strong>in</strong></span> <span class='ocrx_word' id='word_1_84' title='bbox 1547 1742 1635 1778; x_wconf 85' lang='lat' dir='ltr'><strong>se:</strong></span> <span class='ocrx_word' id='word_1_85' title='bbox 1665 1726 1927 1794; x_wconf 76' lang='lat' dir='ltr'><strong>idemque</strong></span> 
     </span>
     <span class='ocr_line' id='line_1_15' title="bbox 318 1795 1932 1864; baseline -0.002 -16"><span class='ocrx_word' id='word_1_86' title='bbox 318 1809 507 1848; x_wconf 79' lang='lat' dir='ltr'><strong>rerum</strong></span> <span class='ocrx_word' id='word_1_87' title='bbox 547 1802 777 1849; x_wconf 83' lang='lat' dir='ltr'><strong>naturae</strong></span> <span class='ocrx_word' id='word_1_88' title='bbox 818 1811 974 1862; x_wconf 85' lang='lat' dir='ltr'><strong>opus,</strong></span> <span class='ocrx_word' id='word_1_89' title='bbox 1013 1804 1072 1849; x_wconf 86' lang='lat' dir='ltr'><strong>et</strong></span> <span class='ocrx_word' id='word_1_90' title='bbox 1112 1811 1296 1850; x_wconf 86' lang='lat' dir='ltr'><strong>rerum</strong></span> <span class='ocrx_word' id='word_1_91' title='bbox 1320 1799 1442 1864; x_wconf 86' lang='lat' dir='ltr'><strong>ipsa</strong></span> <span class='ocrx_word' id='word_1_92' title='bbox 1459 1800 1677 1849; x_wconf 83' lang='lat' dir='ltr'><strong>natura.</strong></span> <span class='ocrx_word' id='word_1_93' title='bbox 1753 1795 1932 1847; x_wconf 83' lang='lat' dir='ltr'><strong>Furor</strong></span> 
     </span>
     <span class='ocr_line' id='line_1_16' title="bbox 322 1864 1933 1933; baseline -0.003 -15"><span class='ocrx_word' id='word_1_94' title='bbox 322 1871 425 1926; x_wconf 75' lang='lat' dir='ltr'><strong>est,</strong></span> <span class='ocrx_word' id='word_1_95' title='bbox 466 1877 775 1916; x_wconf 80' lang='lat' dir='ltr'><strong>mensuram</strong></span> <span class='ocrx_word' id='word_1_96' title='bbox 797 1866 917 1917; x_wconf 87' lang='lat' dir='ltr'><strong>eius</strong></span> <span class='ocrx_word' id='word_1_97' title='bbox 939 1867 1124 1919; x_wconf 84' lang='lat' dir='ltr'><strong>animo</strong></span> <span class='ocrx_word' id='word_1_98' title='bbox 1147 1864 1414 1932; x_wconf 86' lang='lat' dir='ltr'><strong>quosdam</strong></span> <span class='ocrx_word' id='word_1_99' title='bbox 1440 1865 1716 1933; x_wconf 77' lang='lat' dir='ltr'><strong>agitasse,</strong></span> <span class='ocrx_word' id='word_1_100' title='bbox 1763 1870 1933 1930; x_wconf 83' lang='lat' dir='ltr'><strong>atque</strong></span> 
     </span>
     <span class='ocr_line' id='line_1_17' title="bbox 323 1930 1936 2001; baseline 0 -18"><span class='ocrx_word' id='word_1_101' title='bbox 323 1930 561 2001; x_wconf 80' lang='lat' dir='ltr'><strong>prodere</strong></span> <span class='ocrx_word' id='word_1_102' title='bbox 590 1946 783 1984; x_wconf 82' lang='lat' dir='ltr'><strong>ausos:</strong></span> <span class='ocrx_word' id='word_1_103' title='bbox 824 1933 965 1985; x_wconf 84' lang='lat' dir='ltr'><strong>alios</strong></span> <span class='ocrx_word' id='word_1_104' title='bbox 1003 1949 1215 1998; x_wconf 80' lang='lat' dir='ltr'><strong>rursus,</strong></span> <span class='ocrx_word' id='word_1_105' title='bbox 1257 1934 1551 1987; x_wconf 74' lang='lat' dir='ltr'><strong>occasione</strong></span> <span class='ocrx_word' id='word_1_106' title='bbox 1572 1931 1709 1984; x_wconf 80' lang='lat' dir='ltr'><strong>hino</strong></span> <span class='ocrx_word' id='word_1_107' title='bbox 1750 1938 1936 1998; x_wconf 74' lang='lat' dir='ltr'><strong>sumta</strong></span> 
     </span>
    </p>
   </div>
   <div class='ocr_carea' id='block_1_6' title="bbox 1972 655 1987 1580">
    <p class='ocr_par' dir='ltr' id='par_1_6' title="bbox 1972 655 1987 1580">
     <span class='ocr_line' id='line_1_18' title="bbox 1972 655 1987 1580; baseline 0 0"><span class='ocrx_word' id='word_1_108' title='bbox 1972 655 1987 1580; x_wconf 95' lang='lat' dir='ltr'><strong> </strong></span> 
     </span>
    </p>
   </div>
   <div class='ocr_carea' id='block_1_7' title="bbox 232 1996 1938 2066">
    <p class='ocr_par' dir='ltr' id='par_1_7' title="bbox 232 1996 1938 2066">
     <span class='ocr_line' id='line_1_19' title="bbox 232 1996 1938 2066; baseline -0.002 -13"><span class='ocrx_word' id='word_1_109' title='bbox 232 1996 240 2004; x_wconf 84' lang='lat'>&#39;</span> <span class='ocrx_word' id='word_1_110' title='bbox 325 2007 423 2053; x_wconf 84' lang='lat' dir='ltr'><strong>aut</strong></span> <span class='ocrx_word' id='word_1_111' title='bbox 442 1998 532 2052; x_wconf 83' lang='lat' dir='ltr'><strong>his</strong></span> <span class='ocrx_word' id='word_1_112' title='bbox 551 1998 705 2064; x_wconf 80' lang='lat' dir='ltr'><strong>data,</strong></span> <span class='ocrx_word' id='word_1_113' title='bbox 748 2001 1184 2056; x_wconf 86' lang='lat' dir='ltr'><strong>innumerabiles</strong></span> <span class='ocrx_word' id='word_1_114' title='bbox 1217 2001 1518 2055; x_wconf 77' lang='lat' dir='ltr'><strong>tradidisse</strong></span> <span class='ocrx_word' id='word_1_115' title='bbox 1537 2001 1784 2054; x_wconf 88' lang='lat' dir='ltr'><strong>mundos</strong></span> <span class='ocrx_word' id='word_1_116' title='bbox 1812 2038 1833 2066; x_wconf 89' lang='lat'><strong>,</strong></span> <span class='ocrx_word' id='word_1_117' title='bbox 1878 2006 1938 2052; x_wconf 77' lang='lat' dir='ltr'><strong>ut</strong></span> 
     </span>
    </p>
   </div>
   <div class='ocr_carea' id='block_1_8' title="bbox 319 2069 1945 2689">
    <p class='ocr_par' dir='ltr' id='par_1_8' title="bbox 319 2069 1945 2689">
     <span class='ocr_line' id='line_1_20' title="bbox 323 2069 1942 2139; baseline -0.001 -17"><span class='ocrx_word' id='word_1_118' title='bbox 323 2069 558 2122; x_wconf 85' lang='lat' dir='ltr'><strong>totidem</strong></span> <span class='ocrx_word' id='word_1_119' title='bbox 597 2084 781 2123; x_wconf 81' lang='lat' dir='ltr'><strong>rerum</strong></span> <span class='ocrx_word' id='word_1_120' title='bbox 800 2079 1034 2124; x_wconf 83' lang='lat' dir='ltr'><strong>naturas</strong></span> <span class='ocrx_word' id='word_1_121' title='bbox 1057 2071 1208 2125; x_wconf 84' lang='lat' dir='ltr'><strong>credi</strong></span> <span class='ocrx_word' id='word_1_122' title='bbox 1240 2077 1551 2139; x_wconf 78' lang='lat' dir='ltr'><strong>oporteret:</strong></span> <span class='ocrx_word' id='word_1_123' title='bbox 1596 2077 1730 2133; x_wconf 86' lang='lat' dir='ltr'><strong>aut,</strong></span> <span class='ocrx_word' id='word_1_124' title='bbox 1751 2070 1808 2122; x_wconf 86' lang='lat' dir='ltr'><strong>si</strong></span> <span class='ocrx_word' id='word_1_125' title='bbox 1831 2083 1942 2122; x_wconf 83' lang='lat' dir='ltr'><strong>una</strong></span> 
     </span>
     <span class='ocr_line' id='line_1_21' title="bbox 324 2138 1941 2206; baseline -0.001 -15"><span class='ocrx_word' id='word_1_126' title='bbox 324 2154 513 2192; x_wconf 85' lang='lat' dir='ltr'><strong>omnes</strong></span> <span class='ocrx_word' id='word_1_127' title='bbox 532 2138 850 2203; x_wconf 74' lang='lat' dir='ltr'><strong>incubaret,</strong></span> <span class='ocrx_word' id='word_1_128' title='bbox 888 2140 1125 2193; x_wconf 84' lang='lat' dir='ltr'><strong>totidem</strong></span> <span class='ocrx_word' id='word_1_129' title='bbox 1142 2147 1332 2194; x_wconf 86' lang='lat' dir='ltr'><strong>tamen</strong></span> <span class='ocrx_word' id='word_1_130' title='bbox 1353 2140 1515 2193; x_wconf 82' lang='lat' dir='ltr'><strong>Soles</strong></span> <span class='ocrx_word' id='word_1_131' title='bbox 1529 2176 1546 2204; x_wconf 92' lang='lat'><strong>,</strong></span> <span class='ocrx_word' id='word_1_132' title='bbox 1580 2139 1941 2206; x_wconf 85' lang='lat' dir='ltr'><strong>totidemque</strong></span> 
     </span>
     <span class='ocr_line' id='line_1_22' title="bbox 323 2207 1942 2271; baseline 0 -12"><span class='ocrx_word' id='word_1_133' title='bbox 323 2207 533 2269; x_wconf 73' lang='lat' dir='ltr'><strong>Latias,</strong></span> <span class='ocrx_word' id='word_1_134' title='bbox 551 2214 611 2260; x_wconf 85' lang='lat' dir='ltr'><strong>et</strong></span> <span class='ocrx_word' id='word_1_135' title='bbox 631 2215 836 2271; x_wconf 86' lang='lat' dir='ltr'><strong>cetera,</strong></span> <span class='ocrx_word' id='word_1_136' title='bbox 857 2215 921 2261; x_wconf 87' lang='lat' dir='ltr'><strong>ut</strong></span> <span class='ocrx_word' id='word_1_137' title='bbox 960 2210 1072 2261; x_wconf 84' lang='lat' dir='ltr'><strong>iam</strong></span> <span class='ocrx_word' id='word_1_138' title='bbox 1093 2210 1152 2262; x_wconf 86' lang='lat' dir='ltr'><strong>in</strong></span> <span class='ocrx_word' id='word_1_139' title='bbox 1173 2225 1286 2262; x_wconf 89' lang='lat' dir='ltr'><strong>uno</strong></span> <span class='ocrx_word' id='word_1_140' title='bbox 1313 2215 1372 2262; x_wconf 87' lang='lat' dir='ltr'><strong>et</strong></span> <span class='ocrx_word' id='word_1_141' title='bbox 1399 2210 1671 2267; x_wconf 85' lang='lat' dir='ltr'><strong>immensa</strong></span> <span class='ocrx_word' id='word_1_142' title='bbox 1692 2215 1752 2260; x_wconf 90' lang='lat' dir='ltr'><strong>et</strong></span> <span class='ocrx_word' id='word_1_143' title='bbox 1773 2211 1942 2260; x_wconf 81' lang='lat' dir='ltr'><strong>innu-</strong></span> 
     </span>
     <span class='ocr_line' id='line_1_23' title="bbox 321 2276 1943 2360; baseline 0 -30"><span class='ocrx_word' id='word_1_144' title='bbox 321 2276 619 2330; x_wconf 78' lang='lat' dir='ltr'><strong>merabilia</strong></span> <span class='ocrx_word' id='word_1_145' title='bbox 655 2278 866 2330; x_wconf 82' lang='lat' dir='ltr'><strong>sidera:</strong></span> <span class='ocrx_word' id='word_1_146' title='bbox 907 2278 1067 2360; x_wconf 62' lang='lat' dir='ltr'><strong>quasi</strong></span> <span class='ocrx_word' id='word_1_147' title='bbox 1086 2293 1196 2331; x_wconf 88' lang='lat' dir='ltr'><strong>non</strong></span> <span class='ocrx_word' id='word_1_148' title='bbox 1217 2279 1412 2332; x_wconf 84' lang='lat' dir='ltr'><strong>eadem</strong></span> <span class='ocrx_word' id='word_1_149' title='bbox 1434 2278 1765 2345; x_wconf 78' lang='lat' dir='ltr'><strong>quaestione</strong></span> <span class='ocrx_word' id='word_1_150' title='bbox 1802 2291 1943 2330; x_wconf 84' lang='lat' dir='ltr'><strong>sem·</strong></span> 
     </span>
     <span class='ocr_line' id='line_1_24' title="bbox 323 2344 1942 2414; baseline 0.002 -20"><span class='ocrx_word' id='word_1_151' title='bbox 323 2359 425 2410; x_wconf 79' lang='lat' dir='ltr'><strong>per</strong></span> <span class='ocrx_word' id='word_1_152' title='bbox 444 2344 503 2394; x_wconf 84' lang='lat' dir='ltr'><strong>in</strong></span> <span class='ocrx_word' id='word_1_153' title='bbox 526 2346 766 2414; x_wconf 76' lang='lat' dir='ltr'><strong>termino</strong></span> <span class='ocrx_word' id='word_1_154' title='bbox 811 2348 1175 2413; x_wconf 78' lang='lat' dir='ltr'><strong>cogitationis</strong></span> <span class='ocrx_word' id='word_1_155' title='bbox 1213 2361 1529 2409; x_wconf 82' lang='lat' dir='ltr'><strong>occursura,</strong></span> <span class='ocrx_word' id='word_1_156' title='bbox 1552 2346 1851 2399; x_wconf 86' lang='lat' dir='ltr'><strong>desiderio</strong></span> <span class='ocrx_word' id='word_1_157' title='bbox 1887 2347 1942 2397; x_wconf 80' lang='lat' dir='ltr'><strong>fl-</strong></span> 
     </span>
     <span class='ocr_line' id='line_1_25' title="bbox 321 2412 1941 2476; baseline 0.003 -16"><span class='ocrx_word' id='word_1_158' title='bbox 321 2412 409 2461; x_wconf 87' lang='lat' dir='ltr'><strong>nis</strong></span> <span class='ocrx_word' id='word_1_159' title='bbox 451 2412 717 2464; x_wconf 78' lang='lat' dir='ltr'><strong>alicuius=</strong></span> <span class='ocrx_word' id='word_1_160' title='bbox 761 2421 876 2476; x_wconf 87' lang='lat' dir='ltr'><strong>aut,</strong></span> <span class='ocrx_word' id='word_1_161' title='bbox 920 2417 973 2467; x_wconf 87' lang='lat' dir='ltr'><strong>si</strong></span> <span class='ocrx_word' id='word_1_162' title='bbox 992 2415 1133 2469; x_wconf 84' lang='lat' dir='ltr'><strong>haec</strong></span> <span class='ocrx_word' id='word_1_163' title='bbox 1154 2417 1401 2468; x_wconf 80' lang='lat' dir='ltr'><strong>infinitas</strong></span> <span class='ocrx_word' id='word_1_164' title='bbox 1421 2421 1656 2467; x_wconf 82' lang='lat' dir='ltr'><strong>naturae</strong></span> <span class='ocrx_word' id='word_1_165' title='bbox 1680 2414 1941 2466; x_wconf 84' lang='lat' dir='ltr'><strong>omnium</strong></span> 
     </span>
     <span class='ocr_line' id='line_1_26' title="bbox 321 2478 1945 2550; baseline 0.004 -23"><span class='ocrx_word' id='word_1_166' title='bbox 321 2478 528 2529; x_wconf 72' lang='lat' dir='ltr'><strong>artifici</strong></span> <span class='ocrx_word' id='word_1_167' title='bbox 567 2481 746 2545; x_wconf 80' lang='lat' dir='ltr'><strong>possit</strong></span> <span class='ocrx_word' id='word_1_168' title='bbox 766 2485 1056 2550; x_wconf 77' lang='lat' dir='ltr'><strong>assignari,</strong></span> <span class='ocrx_word' id='word_1_169' title='bbox 1094 2498 1204 2535; x_wconf 71' lang='lat' dir='ltr'><strong>nun</strong></span> <span class='ocrx_word' id='word_1_170' title='bbox 1226 2485 1370 2536; x_wconf 86' lang='lat' dir='ltr'><strong>illud</strong></span> <span class='ocrx_word' id='word_1_171' title='bbox 1409 2484 1557 2536; x_wconf 85' lang='lat' dir='ltr'><strong>idem</strong></span> <span class='ocrx_word' id='word_1_172' title='bbox 1577 2483 1638 2535; x_wconf 87' lang='lat' dir='ltr'><strong>in</strong></span> <span class='ocrx_word' id='word_1_173' title='bbox 1659 2498 1775 2546; x_wconf 77' lang='lat' dir='ltr'><strong>uno</strong></span> <span class='ocrx_word' id='word_1_174' title='bbox 1803 2482 1945 2535; x_wconf 77' lang='lat' dir='ltr'><strong>faci·</strong></span> 
     </span>
     <span class='ocr_line' id='line_1_27' title="bbox 319 2543 1944 2620; baseline 0.003 -25"><span class='ocrx_word' id='word_1_175' title='bbox 319 2543 429 2596; x_wconf 89' lang='lat' dir='ltr'><strong>lius</strong></span> <span class='ocrx_word' id='word_1_176' title='bbox 447 2547 523 2595; x_wconf 86' lang='lat' dir='ltr'><strong>sit</strong></span> <span class='ocrx_word' id='word_1_177' title='bbox 548 2546 807 2615; x_wconf 83' lang='lat' dir='ltr'><strong>intelligi,</strong></span> <span class='ocrx_word' id='word_1_178' title='bbox 843 2557 1004 2603; x_wconf 85' lang='lat' dir='ltr'><strong>tanto</strong></span> <span class='ocrx_word' id='word_1_179' title='bbox 1026 2556 1353 2620; x_wconf 84' lang='lat' dir='ltr'><strong>praesertim</strong></span> <span class='ocrx_word' id='word_1_180' title='bbox 1375 2567 1562 2620; x_wconf 83' lang='lat' dir='ltr'><strong>opere.</strong></span> <span class='ocrx_word' id='word_1_181' title='bbox 1625 2550 1821 2604; x_wconf 82' lang='lat' dir='ltr'><strong>Furor</strong></span> <span class='ocrx_word' id='word_1_182' title='bbox 1843 2557 1944 2610; x_wconf 79' lang='lat' dir='ltr'><strong>est.</strong></span> 
     </span>
     <span class='ocr_line' id='line_1_28' title="bbox 320 2611 1941 2689; baseline 0.005 -27"><span class='ocrx_word' id='word_1_183' title='bbox 320 2611 571 2677; x_wconf 78' lang='lat' dir='ltr'><strong>profecto</strong></span> <span class='ocrx_word' id='word_1_184' title='bbox 592 2612 765 2678; x_wconf 79' lang='lat' dir='ltr'><strong>furor,</strong></span> <span class='ocrx_word' id='word_1_185' title='bbox 788 2619 976 2683; x_wconf 79' lang='lat' dir='ltr'><strong>egredi</strong></span> <span class='ocrx_word' id='word_1_186' title='bbox 997 2635 1067 2670; x_wconf 83' lang='lat' dir='ltr'><strong>ex</strong></span> <span class='ocrx_word' id='word_1_187' title='bbox 1089 2635 1175 2683; x_wconf 85' lang='lat' dir='ltr'><strong>eo,</strong></span> <span class='ocrx_word' id='word_1_188' title='bbox 1201 2625 1260 2673; x_wconf 87' lang='lat' dir='ltr'><strong>et</strong></span> <span class='ocrx_word' id='word_1_189' title='bbox 1277 2627 1542 2689; x_wconf 82' lang='lat' dir='ltr'><strong>tanquam</strong></span> <span class='ocrx_word' id='word_1_190' title='bbox 1562 2618 1789 2673; x_wconf 79' lang='lat' dir='ltr'><strong>interna</strong></span> <span class='ocrx_word' id='word_1_191' title='bbox 1816 2620 1941 2674; x_wconf 76' lang='lat' dir='ltr'><strong>eius</strong></span> 
     </span>
    </p>
   </div>
  </div>
 </body>
</html>
