2009 3025
228 167 536 222 Nuus.
571 167 918 225 ins-ron.
958 171 1127 228 Lm.
1172 157 1257 227 11}
1294 176 1519 232 ‹ss-⁷1.
1594 181 1696 236 199

162 270 356 322 LXIX.
410 272 655 324 Mediam
697 289 824 327 esse
863 276 1053 327 mundi
1094 253 1269 328 totius
1319 276 1467 331 haud
1503 280 1692 335 dubiis
1795 309 1803 321 ·

106 347 305 392 constat
324 342 698 409 argumentis3
740 344 840 395 sed
883 346 1197 398 clarissime
1239 348 1571 414 aequinoctii
1596 366 1692 418 pa·-

33 461 36 466 ,
102 410 232 462 ribus
253 408 426 461 horis.
481 409 622 464 Nam
645 412 756 463 nisi
778 414 834 463 in
856 414 1041 467 medio
1065 420 1230 477 esset,
1267 417 1531 483 aequales
1573 419 1693 472 dics

33 493 36 512 2
104 485 388 546 nomque
419 477 614 532 haberi
653 496 762 533 non
800 496 964 549 posse
1008 481 1424 549 deprehendunt
1465 486 1725 552 obdia-N

104 556 259 615 pti-ae,
301 563 448 615 quae
468 548 560 601 vel
582 551 818 603 maxime
840 552 895 603 id
929 554 1297 618 confit-mann
1339 569 1464 606 cum
1499 555 1694 622 aequi-

105 617 313 670 noctiali
354 624 609 684 tempore
649 625 726 670 ex
746 620 951 672 *eadem
993 622 1143 674 linea
1172 628 1327 675 ortus
1352 637 1694 692 occasusque

106 691 377 750 cernatur,
419 692 478 740 et
505 688 829 742 solstitialis
871 698 1101 743 exortus
1140 706 1239 759 per
1271 699 1429 744 suain
1472 693 1696 757 lineam,

29 815 32 828 ³
105 753 471 839 brumalisque
509 770 756 809 occasus.
832 758 991 820 Quae
1033 761 1287 814 accidere
1326 763 1481 815 nullo
1524 763 1692 816 modo

107 832 334 890 possent,
373 826 483 876 nisi
510 828 568 877 in
609 834 802 879 centro
832 828 948 879 sita
977 836 1141 882 esset.

161 894 333 946 Lxx.
368 896 509 947 Tres
547 903 740 948 ,autem
784 898 974 949 circuli
1012 913 1183 966 supra
1217 897 1383 950 dictis
1402 900 1557 951 zonis
1596 900 1695 951 im-

106 961 256 1029 plexi,
294 963 729 1031 inaequalitates
751 971 1062 1033 temporum
1089 967 1461 1036 distinguunt:
1501 968 1692 1022 solsti-

27 1083 28 1090 χ
106 1032 240 1082 tialis
282 1047 316 1084 a
344 1039 504 1099 parte
544 1034 811 1101 Signiferi
852 1037 1228 1089 excelsissima
1265 1037 1453 1100 nobis,
1494 1037 1564 1089 ad
1605 1054 1692 1090 se-

106 1102 540 1167 ptemtrionalem
582 1104 802 1170 plagam
834 1120 1061 1157 versus:
1103 1111 1409 1174 contraque
1429 1105 1499 1158 ad
1521 1106 1697 1159 alium

106 1171 277 1252 polum
289 1160 607 1224 &ramanae
650 1173 786 1226 item
818 1175 1000 1229 medio
1021 1176 1235 1229 ambitu
1255 1174 1520 1244 Signiferi
1540 1176 1694 1229 orbis

108 1240 353 1293 incedens
377 1242 821 1309 aequinoctialis.

161 1309 360 1364 LXXI.
383 1312 759 1380 Reliquorum,
781 1328 922 1381 quae
940 1313 1224 1377 miramur,
1255 1329 1424 1368 causa
1443 1315 1501 1366 in
1512 1316 1694 1382 ipsius

106 1383 276 1432 terrae
312 1381 494 1446 ligura
536 1388 643 1435 est:
684 1398 849 1449 quam
889 1384 1058 1452 globo
1101 1384 1358 1446 similem,
1401 1389 1457 1434 et
1480 1398 1605 1434 cum
1625 1396 1696 1434 ea

23 1437 28 1486 ¹¹*
107 1460 283 1515 aquas,
320 1449 521 1503 iisdem
560 1451 902 1520 intelligitur
942 1454 1307 1521 argumentis.
1345 1449 1436 1503 Sic
1465 1451 1607 1502 enim
1630 1452 1695 1502 lit

23 1548 26 1587 ;
106 1514 239 1571 haud
276 1518 461 1585 dubie,
499 1526 562 1572 ut
603 1522 765 1574 nobis
786 1522 1264 1587 septemtrionalis
1285 1521 1484 1588 plagae
1505 1519 1695 1572 sidera

23 1590 26 1635 ῑ
105 1601 368 1655 nunquam
425 1590 723 1655 occidant3
785 1596 981 1643 contra
1033 1589 1375 1643 meridianae
1416 1602 1695 1656 nunquam

23 1668 26 1713 J
107 1657 371 1710 oriantur=
413 1675 712 1727 rursusque
744 1659 880 1711 haec
903 1659 1018 1711 illis
1040 1673 1152 1711 non
1179 1664 1488 1719 cernantur,
1530 1658 1694 1709 attol-

23 1738 24 1787 ᾗ
102 1725 240 1778 lente
268 1742 330 1779 se
363 1735 559 1781 contra
592 1728 810 1780 medios
840 1720 993 1780 vistis
1036 1734 1311 1780 terrarum
1349 1726 1536 1794 globo.
1595 1724 1690 1778 Se·

104 1798 453 1860 ptemtriones
492 1813 601 1849 non
646 1798 825 1850 cernit
865 1796 1297 1865 Troglodytice,
1359 1800 1417 1847 et
1457 1794 1689 1847 confinis

102 1864 406 1932 Aegyptus:
463 1882 565 1919 nec
612 1869 894 1933 Canopum
932 1866 1127 1927 ltalia,
1193 1871 1249 1917 et
1292 1878 1451 1946 quem
1492 1870 1692 1916 vocant

101 1929 387 1986 Berenices
426 1936 661 1999 crinem3
721 1936 857 1988 item
906 1950 1066 2003 quem
1107 1934 1210 1986 sub
1251 1931 1399 1987 Divo
1439 1935 1689 2001 Augusto

105 2004 554 2069 cognominavere
573 2005 828 2057 Caesaris
868 2004 1131 2067 thronon,
1168 2004 1417 2070 insignes
1449 2003 1531 2054 ibi
1552 2002 1688 2055 atel·⁴

98 2067 191 2133 las.
256 2073 520 2139 Adeoque
560 2071 859 2125 manifesto
900 2088 1199 2143 assurgens
1240 2072 1526 2138 fastigium
1569 2086 1690 2121 cur·

99 2145 266 2204 vatur,
304 2146 369 2193 ut
389 2142 646 2207 Canopus
685 2148 939 2209 quartam
966 2140 1088 2195 fere
1114 2147 1325 2209 partem
1350 2140 1501 2206 signi
1523 2139 1688 2191 unius

96 2218 255 2274 snpra
275 2215 489 2262 terram
527 2211 773 2262 eminere
812 2210 1183 2263 Alexandriae
1222 2209 1569 2261 intuentibus
1610 2210 1689 2269 izi-

99 2274 311 2330 deature
356 2277 550 2331 eadem
572 2294 607 2329 a
625 2278 821 2331 Rhodo
851 2284 1058 2333 terram
1080 2276 1497 2348 quodammodo,
1508 2277 1688 2344 ipsam

95 2347 385 2415 stringere:
420 2347 479 2399 in
501 2347 681 2400 Ponto
725 2349 947 2402 omnino
986 2364 1100 2401 non
1141 2353 1416 2410 cernatur,
1456 2346 1552 2397 ubi
1575 2360 1688 2397 ma-

88 2414 225 2468 xime
246 2417 505 2470 sublimis
536 2419 881 2484 septemtrio.
937 2418 1090 2471 Idem
1115 2432 1148 2470 a
1167 2415 1367 2468 Rhodo
1397 2413 1688 2468 abscondi·

89 2485 207 2547 tur,
249 2478 572 2555 magisque*
586 2485 974 2540 Alexandriae.
1040 2487 1101 2538 ln
1142 2484 1349 2537 Arabia
1386 2483 1715 2538 Novembri*

87 2562 264 2619 mense
285 2557 470 2624 prima
494 2556 684 2625 vigilia
704 2556 974 2618 occultus,
1021 2555 1267 2608 secunda
1305 2570 1368 2608 se
1410 2553 1692 2608 ostendit:

86 2618 136 2669 in
156 2622 356 2679 Meroe
379 2625 629 2678 solstitio
647 2624 868 2692 ‘vesperi
888 2624 1170 2692 paulisper
1190 2631 1440 2692 apparet,
1474 2622 1693 2692 paucis-

87 2699 182 2752 que
223 2701 359 2746 ante
402 2700 657 2748 exortum
698 2694 924 2747 Arcturi
965 2694 1160 2748 diebus
1199 2695 1413 2763 pariter
1453 2709 1577 2746 cum
1601 2691 1692 2743 die
