<?xml version="1.0" encoding="UTF-8"?>
<!DOCTYPE html PUBLIC "-//W3C//DTD XHTML 1.0 Transitional//EN"
    "http://www.w3.org/TR/xhtml1/DTD/xhtml1-transitional.dtd">
<html xmlns="http://www.w3.org/1999/xhtml" xml:lang="en" lang="en">
 <head>
  <title>
</title>
<meta http-equiv="Content-Type" content="text/html;charset=utf-8" />
  <meta name='ocr-system' content='tesseract 3.04.00' />
  <meta name='ocr-capabilities' content='ocr_page ocr_carea ocr_par ocr_line ocrx_word'/>
</head>
<body>
  <div class='ocr_page' id='page_1' title='image "./caiipliniisecun04plingoog_0164.png"; bbox 0 0 2009 3025; ppageno 0'>
   <div class='ocr_carea' id='block_1_1' title="bbox 354 21 1568 119">
    <p class='ocr_par' dir='ltr' id='par_1_1' title="bbox 354 21 1568 119">
     <span class='ocr_line' id='line_1_1' title="bbox 354 21 1568 119; baseline -0.004 0"><span class='ocrx_word' id='word_1_1' title='bbox 354 65 458 119; x_wconf 75' lang='lat'>156</span> <span class='ocrx_word' id='word_1_2' title='bbox 646 82 653 98; x_wconf 85' lang='lat'><strong>·</strong></span> <span class='ocrx_word' id='word_1_3' title='bbox 754 21 1568 119; x_wconf 57' lang='lat' dir='ltr'>camum-:culmi</span> 
     </span>
    </p>
   </div>
   <div class='ocr_carea' id='block_1_2' title="bbox 345 162 1953 1268">
    <p class='ocr_par' dir='ltr' id='par_1_2' title="bbox 345 162 1947 293">
     <span class='ocr_line' id='line_1_2' title="bbox 351 162 1947 234; baseline -0.001 -14"><span class='ocrx_word' id='word_1_4' title='bbox 351 183 464 220; x_wconf 89' lang='lat' dir='ltr'>non</span> <span class='ocrx_word' id='word_1_5' title='bbox 484 167 655 221; x_wconf 75' lang='lat' dir='ltr'>fuerit</span> <span class='ocrx_word' id='word_1_6' title='bbox 695 166 964 231; x_wconf 76' lang='lat' dir='ltr'>alienum,</span> <span class='ocrx_word' id='word_1_7' title='bbox 987 164 1226 234; x_wconf 69' lang='lat' dir='ltr'>‘vulgata</span> <span class='ocrx_word' id='word_1_8' title='bbox 1242 168 1473 231; x_wconf 83' lang='lat' dir='ltr'>propter</span> <span class='ocrx_word' id='word_1_9' title='bbox 1492 162 1775 217; x_wconf 83' lang='lat' dir='ltr'>assiduam</span> <span class='ocrx_word' id='word_1_10' title='bbox 1793 179 1947 234; x_wconf 86' lang='lat' dir='ltr'>quae-</span> 
     </span>
     <span class='ocr_line' id='line_1_3' title="bbox 345 236 1539 293; baseline -0.007 0"><span class='ocrx_word' id='word_1_11' title='bbox 345 239 591 293; x_wconf 63' lang='lat' dir='ltr'>stionem</span> <span class='ocrx_word' id='word_1_12' title='bbox 614 236 682 288; x_wconf 90' lang='lat' dir='ltr'>de</span> <span class='ocrx_word' id='word_1_13' title='bbox 715 236 858 289; x_wconf 88' lang='lat' dir='ltr'>Deo.</span> <span class='ocrx_word' id='word_1_14' title='bbox 1531 272 1539 276; x_wconf 83' lang='grc'>-</span> 
     </span>
    </p>

    <p class='ocr_par' dir='ltr' id='par_1_3' title="bbox 346 302 1953 1268">
     <span class='ocr_line' id='line_1_4' title="bbox 421 302 1949 373; baseline 0 -16"><span class='ocrx_word' id='word_1_15' title='bbox 421 306 518 358; x_wconf 87' lang='lat' dir='ltr'>V1.</span> <span class='ocrx_word' id='word_1_16' title='bbox 560 306 712 357; x_wconf 87' lang='lat' dir='ltr'>Hinc</span> <span class='ocrx_word' id='word_1_17' title='bbox 749 303 1048 358; x_wconf 78' lang='lat' dir='ltr'>redeamus</span> <span class='ocrx_word' id='word_1_18' title='bbox 1072 302 1143 354; x_wconf 87' lang='lat' dir='ltr'>ad</span> <span class='ocrx_word' id='word_1_19' title='bbox 1175 302 1393 370; x_wconf 87' lang='lat' dir='ltr'>reliqua</span> <span class='ocrx_word' id='word_1_20' title='bbox 1428 307 1688 373; x_wconf 58' lang='lat' dir='ltr'>naturae,</span> <span class='ocrx_word' id='word_1_21' title='bbox 1740 303 1949 367; x_wconf 79' lang='lat' dir='ltr'>Sidera,</span> 
     </span>
     <span class='ocr_line' id='line_1_5' title="bbox 348 372 1953 442; baseline 0.001 -17"><span class='ocrx_word' id='word_1_22' title='bbox 348 390 491 442; x_wconf 90' lang='lat' dir='ltr'>quae</span> <span class='ocrx_word' id='word_1_23' title='bbox 512 374 679 427; x_wconf 84' lang='lat' dir='ltr'>affixa</span> <span class='ocrx_word' id='word_1_24' title='bbox 702 374 941 426; x_wconf 82' lang='lat' dir='ltr'><strong>diximus</strong></span> <span class='ocrx_word' id='word_1_25' title='bbox 956 373 1185 435; x_wconf 85' lang='lat' dir='ltr'>mundo,</span> <span class='ocrx_word' id='word_1_26' title='bbox 1204 387 1314 424; x_wconf 92' lang='lat' dir='ltr'>non</span> <span class='ocrx_word' id='word_1_27' title='bbox 1328 372 1446 434; x_wconf 86' lang='lat' dir='ltr'>illa,</span> <span class='ocrx_word' id='word_1_28' title='bbox 1462 378 1530 423; x_wconf 90' lang='lat' dir='ltr'>ut</span> <span class='ocrx_word' id='word_1_29' title='bbox 1549 373 1840 425; x_wconf 80' lang='lat' dir='ltr'>existimat</span> <span class='ocrx_word' id='word_1_30' title='bbox 1849 375 1953 426; x_wconf 77' lang='lat' dir='ltr'>vnl-</span> 
     </span>
     <span class='ocr_line' id='line_1_6' title="bbox 349 441 1950 511; baseline -0.001 -16"><span class='ocrx_word' id='word_1_31' title='bbox 349 460 473 511; x_wconf 74' lang='lat' dir='ltr'>guS,</span> <span class='ocrx_word' id='word_1_32' title='bbox 504 444 741 511; x_wconf 85' lang='lat' dir='ltr'>singulis</span> <span class='ocrx_word' id='word_1_33' title='bbox 763 445 1034 496; x_wconf 85' lang='lat' dir='ltr'>attributa</span> <span class='ocrx_word' id='word_1_34' title='bbox 1055 442 1234 504; x_wconf 88' lang='lat' dir='ltr'>nobis,</span> <span class='ocrx_word' id='word_1_35' title='bbox 1279 447 1337 494; x_wconf 90' lang='lat' dir='ltr'>et</span> <span class='ocrx_word' id='word_1_36' title='bbox 1357 441 1514 493; x_wconf 83' lang='lat' dir='ltr'>clara</span> <span class='ocrx_word' id='word_1_37' title='bbox 1533 443 1821 511; x_wconf 77' lang='lat' dir='ltr'>divitibus,</span> <span class='ocrx_word' id='word_1_38' title='bbox 1859 446 1950 494; x_wconf 88' lang='lat' dir='ltr'>mi·</span> 
     </span>
     <span class='ocr_line' id='line_1_7' title="bbox 348 510 1950 580; baseline 0.001 -17"><span class='ocrx_word' id='word_1_39' title='bbox 348 529 488 564; x_wconf 87' lang='lat' dir='ltr'>nora</span> <span class='ocrx_word' id='word_1_40' title='bbox 517 511 870 580; x_wconf 82' lang='lat' dir='ltr'>pauperibus,</span> <span class='ocrx_word' id='word_1_41' title='bbox 913 515 1152 564; x_wconf 87' lang='lat' dir='ltr'>obscura</span> <span class='ocrx_word' id='word_1_42' title='bbox 1173 510 1426 573; x_wconf 83' lang='lat' dir='ltr'>defectis,</span> <span class='ocrx_word' id='word_1_43' title='bbox 1476 527 1543 562; x_wconf 88' lang='lat' dir='ltr'>ac</span> <span class='ocrx_word' id='word_1_44' title='bbox 1563 526 1666 578; x_wconf 88' lang='lat' dir='ltr'>pro</span> <span class='ocrx_word' id='word_1_45' title='bbox 1693 520 1850 565; x_wconf 85' lang='lat' dir='ltr'>sorte</span> <span class='ocrx_word' id='word_1_46' title='bbox 1871 528 1950 564; x_wconf 87' lang='lat' dir='ltr'>cu·</span> 
     </span>
     <span class='ocr_line' id='line_1_8' title="bbox 348 580 1951 649; baseline 0 -16"><span class='ocrx_word' id='word_1_47' title='bbox 348 583 546 648; x_wconf 87' lang='lat' dir='ltr'>iusque</span> <span class='ocrx_word' id='word_1_48' title='bbox 587 582 851 644; x_wconf 90' lang='lat' dir='ltr'>lucentia,</span> <span class='ocrx_word' id='word_1_49' title='bbox 894 585 1261 633; x_wconf 89' lang='lat' dir='ltr'>annumerata</span> <span class='ocrx_word' id='word_1_50' title='bbox 1291 580 1658 633; x_wconf 78' lang='lat' dir='ltr'><strong>mortalibus:</strong></span> <span class='ocrx_word' id='word_1_51' title='bbox 1702 583 1835 649; x_wconf 81' lang='lat' dir='ltr'>quia</span> <span class='ocrx_word' id='word_1_52' title='bbox 1864 598 1951 633; x_wconf 85' lang='lat' dir='ltr'>nec</span> 
     </span>
     <span class='ocr_line' id='line_1_9' title="bbox 350 650 1951 719; baseline 0.001 -17"><span class='ocrx_word' id='word_1_53' title='bbox 350 666 474 702; x_wconf 88' lang='lat' dir='ltr'>cum</span> <span class='ocrx_word' id='word_1_54' title='bbox 495 664 598 702; x_wconf 90' lang='lat' dir='ltr'>suo</span> <span class='ocrx_word' id='word_1_55' title='bbox 622 666 870 719; x_wconf 87' lang='lat' dir='ltr'>quaeque</span> <span class='ocrx_word' id='word_1_56' title='bbox 903 650 1124 701; x_wconf 84' lang='lat' dir='ltr'>homine</span> <span class='ocrx_word' id='word_1_57' title='bbox 1165 656 1290 700; x_wconf 86' lang='lat' dir='ltr'>orta</span> <span class='ocrx_word' id='word_1_58' title='bbox 1332 650 1674 713; x_wconf 86' lang='lat' dir='ltr'>moriuntur,</span> <span class='ocrx_word' id='word_1_59' title='bbox 1718 665 1825 702; x_wconf 89' lang='lat' dir='ltr'>nec</span> <span class='ocrx_word' id='word_1_60' title='bbox 1864 651 1951 703; x_wconf 88' lang='lat' dir='ltr'>ali·</span> 
     </span>
     <span class='ocr_line' id='line_1_10' title="bbox 350 719 1948 787; baseline 0.001 -17"><span class='ocrx_word' id='word_1_61' title='bbox 350 736 513 787; x_wconf 87' lang='lat' dir='ltr'>quem</span> <span class='ocrx_word' id='word_1_62' title='bbox 536 721 839 787; x_wconf 84' lang='lat' dir='ltr'>exstingui,</span> <span class='ocrx_word' id='word_1_63' title='bbox 865 719 1102 771; x_wconf 84' lang='lat' dir='ltr'>decidua</span> <span class='ocrx_word' id='word_1_64' title='bbox 1123 719 1455 786; x_wconf 83' lang='lat' dir='ltr'>significant.</span> <span class='ocrx_word' id='word_1_65' title='bbox 1513 719 1640 771; x_wconf 90' lang='lat' dir='ltr'>Non</span> <span class='ocrx_word' id='word_1_66' title='bbox 1658 724 1823 781; x_wconf 63' lang='lat' dir='ltr'>tantia</span> <span class='ocrx_word' id='word_1_67' title='bbox 1843 734 1948 773; x_wconf 76' lang='lat' dir='ltr'>cae·</span> 
     </span>
     <span class='ocr_line' id='line_1_11' title="bbox 346 788 1949 853; baseline 0.001 -14"><span class='ocrx_word' id='word_1_68' title='bbox 346 789 405 840; x_wconf 88' lang='lat' dir='ltr'>lo</span> <span class='ocrx_word' id='word_1_69' title='bbox 442 791 687 843; x_wconf 87' lang='lat' dir='ltr'>societas</span> <span class='ocrx_word' id='word_1_70' title='bbox 725 789 1016 841; x_wconf 87' lang='lat' dir='ltr'>nobiscum</span> <span class='ocrx_word' id='word_1_71' title='bbox 1060 793 1166 849; x_wconf 71' lang='lat' dir='ltr'>est,</span> <span class='ocrx_word' id='word_1_72' title='bbox 1206 794 1269 838; x_wconf 91' lang='lat' dir='ltr'>ut</span> <span class='ocrx_word' id='word_1_73' title='bbox 1308 794 1501 839; x_wconf 85' lang='lat' dir='ltr'>nostro</span> <span class='ocrx_word' id='word_1_74' title='bbox 1544 788 1667 840; x_wconf 79' lang='lat' dir='ltr'>fato</span> <span class='ocrx_word' id='word_1_75' title='bbox 1708 789 1949 853; x_wconf 80' lang='lat' dir='ltr'>mortalis</span> 
     </span>
     <span class='ocr_line' id='line_1_12' title="bbox 347 854 1947 928; baseline 0.001 -18"><span class='ocrx_word' id='word_1_76' title='bbox 347 859 430 910; x_wconf 88' lang='lat' dir='ltr'>sit</span> <span class='ocrx_word' id='word_1_77' title='bbox 448 859 532 909; x_wconf 89' lang='lat' dir='ltr'>ibi</span> <span class='ocrx_word' id='word_1_78' title='bbox 553 873 775 928; x_wconf 88' lang='lat' dir='ltr'>quoque</span> <span class='ocrx_word' id='word_1_79' title='bbox 795 858 1038 921; x_wconf 79' lang='lat' dir='ltr'>siderum</span> <span class='ocrx_word' id='word_1_80' title='bbox 1063 856 1284 923; x_wconf 75' lang='lat' dir='ltr'>fulgor.</span> <span class='ocrx_word' id='word_1_81' title='bbox 1342 856 1451 908; x_wconf 87' lang='lat' dir='ltr'>llla</span> <span class='ocrx_word' id='word_1_82' title='bbox 1493 858 1670 910; x_wconf 86' lang='lat' dir='ltr'>nimio</span> <span class='ocrx_word' id='word_1_83' title='bbox 1693 854 1947 911; x_wconf 76' lang='lat' dir='ltr'>alimento</span> 
     </span>
     <span class='ocr_line' id='line_1_13' title="bbox 347 926 1944 995; baseline 0.001 -17"><span class='ocrx_word' id='word_1_84' title='bbox 347 929 519 979; x_wconf 87' lang='lat' dir='ltr'>tracti</span> <span class='ocrx_word' id='word_1_85' title='bbox 538 926 787 979; x_wconf 83' lang='lat' dir='ltr'>humoris</span> <span class='ocrx_word' id='word_1_86' title='bbox 828 928 996 994; x_wconf 82' lang='lat' dir='ltr'>ignea</span> <span class='ocrx_word' id='word_1_87' title='bbox 1015 928 1074 979; x_wconf 78' lang='lat' dir='ltr'>vi</span> <span class='ocrx_word' id='word_1_88' title='bbox 1093 927 1489 993; x_wconf 78' lang='lat' dir='ltr'><strong>abundantiam</strong></span> <span class='ocrx_word' id='word_1_89' title='bbox 1510 927 1771 993; x_wconf 85' lang='lat' dir='ltr'>reddunt,</span> <span class='ocrx_word' id='word_1_90' title='bbox 1793 942 1944 995; x_wconf 86' lang='lat' dir='ltr'>quum</span> 
     </span>
     <span class='ocr_line' id='line_1_14' title="bbox 348 996 1943 1064; baseline 0.002 -18"><span class='ocrx_word' id='word_1_91' title='bbox 348 996 610 1048; x_wconf 76' lang='lat' dir='ltr'>decidere</span> <span class='ocrx_word' id='word_1_92' title='bbox 630 997 954 1050; x_wconf 83' lang='lat' dir='ltr'>creduntur:</span> <span class='ocrx_word' id='word_1_93' title='bbox 996 1008 1062 1048; x_wconf 92' lang='lat' dir='ltr'>ut</span> <span class='ocrx_word' id='word_1_94' title='bbox 1084 996 1229 1062; x_wconf 89' lang='lat' dir='ltr'>apud</span> <span class='ocrx_word' id='word_1_95' title='bbox 1250 1012 1354 1050; x_wconf 90' lang='lat' dir='ltr'>nos</span> <span class='ocrx_word' id='word_1_96' title='bbox 1374 1011 1595 1064; x_wconf 85' lang='lat' dir='ltr'>quoque</span> <span class='ocrx_word' id='word_1_97' title='bbox 1613 997 1693 1059; x_wconf 90' lang='lat' dir='ltr'>id,</span> <span class='ocrx_word' id='word_1_98' title='bbox 1728 997 1943 1049; x_wconf 63' lang='lat' dir='ltr'>&#39;lumini-</span> 
     </span>
     <span class='ocr_line' id='line_1_15' title="bbox 346 1066 1942 1135; baseline 0.001 -19"><span class='ocrx_word' id='word_1_99' title='bbox 346 1066 451 1135; x_wconf 73' lang='lat' dir='ltr'>bus</span> <span class='ocrx_word' id='word_1_100' title='bbox 491 1066 756 1127; x_wconf 79' lang='lat' dir='ltr'>accensis,</span> <span class='ocrx_word' id='word_1_101' title='bbox 794 1067 1019 1131; x_wconf 79' lang='lat' dir='ltr'>liquore</span> <span class='ocrx_word' id='word_1_102' title='bbox 1039 1066 1150 1117; x_wconf 83' lang='lat' dir='ltr'>olei</span> <span class='ocrx_word' id='word_1_103' title='bbox 1171 1072 1427 1118; x_wconf 85' lang='lat' dir='ltr'>notamus</span> <span class='ocrx_word' id='word_1_104' title='bbox 1452 1066 1727 1118; x_wconf 86' lang='lat' dir='ltr'>accidere.</span> <span class='ocrx_word' id='word_1_105' title='bbox 1796 1069 1942 1118; x_wconf 85' lang='lat' dir='ltr'>Cete-</span> 
     </span>
     <span class='ocr_line' id='line_1_16' title="bbox 347 1133 1943 1195; baseline 0.001 -11"><span class='ocrx_word' id='word_1_106' title='bbox 347 1149 470 1184; x_wconf 88' lang='lat' dir='ltr'>rum</span> <span class='ocrx_word' id='word_1_107' title='bbox 515 1139 763 1186; x_wconf 35' lang='lat' dir='ltr'>aeterna‘</span> <span class='ocrx_word' id='word_1_108' title='bbox 783 1139 871 1185; x_wconf 87' lang='lat' dir='ltr'>est</span> <span class='ocrx_word' id='word_1_109' title='bbox 913 1134 1251 1187; x_wconf 82' lang='lat' dir='ltr'>caelestibus</span> <span class='ocrx_word' id='word_1_110' title='bbox 1290 1141 1518 1195; x_wconf 83' lang='lat' dir='ltr'>natura,</span> <span class='ocrx_word' id='word_1_111' title='bbox 1575 1133 1943 1186; x_wconf 77' lang='lat' dir='ltr'>intexentibus</span> 
     </span>
     <span class='ocr_line' id='line_1_17' title="bbox 346 1201 1944 1268; baseline 0 -16"><span class='ocrx_word' id='word_1_112' title='bbox 346 1202 630 1264; x_wconf 86' lang='lat' dir='ltr'>mundum,</span> <span class='ocrx_word' id='word_1_113' title='bbox 664 1202 995 1268; x_wconf 70' lang='lat' dir='ltr'>intextuque</span> <span class='ocrx_word' id='word_1_114' title='bbox 1039 1204 1341 1255; x_wconf 82' lang='lat' dir='ltr'>concretis:</span> <span class='ocrx_word' id='word_1_115' title='bbox 1381 1203 1638 1267; x_wconf 85' lang='lat' dir='ltr'>potentia</span> <span class='ocrx_word' id='word_1_116' title='bbox 1675 1210 1862 1255; x_wconf 87' lang='lat' dir='ltr'>autem</span> <span class='ocrx_word' id='word_1_117' title='bbox 1884 1201 1944 1255; x_wconf 80' lang='lat' dir='ltr'>ad</span> 
     </span>
    </p>
   </div>
   <div class='ocr_carea' id='block_1_3' title="bbox 263 1271 1945 1339">
    <p class='ocr_par' dir='ltr' id='par_1_4' title="bbox 263 1271 1945 1339">
     <span class='ocr_line' id='line_1_18' title="bbox 263 1271 1945 1339; baseline -0.001 -14"><span class='ocrx_word' id='word_1_118' title='bbox 263 1322 268 1325; x_wconf 15' lang='grc' dir='ltr'><strong><em>γ</em></strong></span> <span class='ocrx_word' id='word_1_119' title='bbox 347 1279 554 1322; x_wconf 88' lang='lat' dir='ltr'>terram</span> <span class='ocrx_word' id='word_1_120' title='bbox 579 1285 1144 1337; x_wconf 76' lang='lat' dir='ltr'>magnopereeorum</span> <span class='ocrx_word' id='word_1_121' title='bbox 1183 1271 1497 1337; x_wconf 78' lang='lat' dir='ltr'>pertinens:</span> <span class='ocrx_word' id='word_1_122' title='bbox 1540 1287 1682 1338; x_wconf 87' lang='lat' dir='ltr'>quae</span> <span class='ocrx_word' id='word_1_123' title='bbox 1728 1277 1945 1339; x_wconf 68' lang='lat' dir='ltr'>propter</span> 
     </span>
    </p>
   </div>
   <div class='ocr_carea' id='block_1_4' title="bbox 334 1339 1945 2660">
    <p class='ocr_par' dir='ltr' id='par_1_5' title="bbox 334 1339 1945 2660">
     <span class='ocr_line' id='line_1_19' title="bbox 349 1339 1945 1409; baseline 0.001 -18"><span class='ocrx_word' id='word_1_124' title='bbox 349 1340 600 1403; x_wconf 83' lang='lat' dir='ltr'>effectus,</span> <span class='ocrx_word' id='word_1_125' title='bbox 622 1340 1071 1409; x_wconf 78' lang='lat' dir='ltr'>claritatemque,</span> <span class='ocrx_word' id='word_1_126' title='bbox 1114 1347 1174 1393; x_wconf 86' lang='lat' dir='ltr'>et</span> <span class='ocrx_word' id='word_1_127' title='bbox 1200 1340 1659 1407; x_wconf 84' lang='lat' dir='ltr'>magnitudinem,</span> <span class='ocrx_word' id='word_1_128' title='bbox 1702 1339 1761 1392; x_wconf 90' lang='lat' dir='ltr'>in</span> <span class='ocrx_word' id='word_1_129' title='bbox 1801 1344 1945 1392; x_wconf 76' lang='lat' dir='ltr'>tanta</span> 
     </span>
     <span class='ocr_line' id='line_1_20' title="bbox 346 1409 1942 1477; baseline 0 -17"><span class='ocrx_word' id='word_1_130' title='bbox 346 1410 679 1462; x_wconf 85' lang='lat' dir='ltr'>subtilitate.</span> <span class='ocrx_word' id='word_1_131' title='bbox 702 1410 860 1460; x_wconf 85' lang='lat' dir='ltr'>nosci</span> <span class='ocrx_word' id='word_1_132' title='bbox 889 1415 1212 1477; x_wconf 88' lang='lat' dir='ltr'>potuerunt,</span> <span class='ocrx_word' id='word_1_133' title='bbox 1251 1411 1395 1460; x_wconf 78' lang='lat' dir='ltr'>sicut</span> <span class='ocrx_word' id='word_1_134' title='bbox 1413 1424 1515 1460; x_wconf 91' lang='lat' dir='ltr'>suo</span> <span class='ocrx_word' id='word_1_135' title='bbox 1546 1409 1942 1462; x_wconf 82' lang='lat' dir='ltr'>demonstrabi-</span> 
     </span>
     <span class='ocr_line' id='line_1_21' title="bbox 346 1478 1944 1550; baseline 0.002 -21"><span class='ocrx_word' id='word_1_136' title='bbox 346 1493 469 1550; x_wconf 75' lang='lat' dir='ltr'>mus</span> <span class='ocrx_word' id='word_1_137' title='bbox 508 1478 653 1532; x_wconf 93' lang='lat' dir='ltr'>loco.</span> <span class='ocrx_word' id='word_1_138' title='bbox 717 1479 1063 1532; x_wconf 74' lang='lat' dir='ltr'>Cin-culorum</span> <span class='ocrx_word' id='word_1_139' title='bbox 1111 1493 1327 1547; x_wconf 89' lang='lat' dir='ltr'>quoque</span> <span class='ocrx_word' id='word_1_140' title='bbox 1362 1478 1506 1532; x_wconf 86' lang='lat' dir='ltr'>caeli</span> <span class='ocrx_word' id='word_1_141' title='bbox 1525 1479 1676 1531; x_wconf 85' lang='lat' dir='ltr'>ratio</span> <span class='ocrx_word' id='word_1_142' title='bbox 1694 1479 1752 1532; x_wconf 89' lang='lat' dir='ltr'>in</span> <span class='ocrx_word' id='word_1_143' title='bbox 1774 1486 1944 1533; x_wconf 75' lang='lat' dir='ltr'>terrae</span> 
     </span>
     <span class='ocr_line' id='line_1_22' title="bbox 344 1548 1941 1617; baseline 0 -19"><span class='ocrx_word' id='word_1_144' title='bbox 344 1549 628 1612; x_wconf 84' lang='lat' dir='ltr'>mentione</span> <span class='ocrx_word' id='word_1_145' title='bbox 673 1551 860 1617; x_wconf 85' lang='lat' dir='ltr'>aptius</span> <span class='ocrx_word' id='word_1_146' title='bbox 881 1549 1116 1611; x_wconf 85' lang='lat' dir='ltr'>dicetur,</span> <span class='ocrx_word' id='word_1_147' title='bbox 1158 1548 1377 1616; x_wconf 89' lang='lat' dir='ltr'>quando</span> <span class='ocrx_word' id='word_1_148' title='bbox 1403 1548 1472 1599; x_wconf 89' lang='lat' dir='ltr'>ad</span> <span class='ocrx_word' id='word_1_149' title='bbox 1495 1564 1618 1601; x_wconf 86' lang='lat' dir='ltr'>eam</span> <span class='ocrx_word' id='word_1_150' title='bbox 1639 1555 1767 1602; x_wconf 87' lang='lat' dir='ltr'>tota</span> <span class='ocrx_word' id='word_1_151' title='bbox 1786 1548 1941 1617; x_wconf 87' lang='lat' dir='ltr'>perti·</span> 
     </span>
     <span class='ocr_line' id='line_1_23' title="bbox 345 1617 1936 1685; baseline -0.001 -16"><span class='ocrx_word' id='word_1_152' title='bbox 345 1623 460 1670; x_wconf 81' lang='lat' dir='ltr'>net.</span> <span class='ocrx_word' id='word_1_153' title='bbox 486 1617 758 1685; x_wconf 79' lang='lat' dir='ltr'>Signiferi</span> <span class='ocrx_word' id='word_1_154' title='bbox 779 1619 945 1671; x_wconf 88' lang='lat' dir='ltr'>modo</span> <span class='ocrx_word' id='word_1_155' title='bbox 968 1618 1379 1671; x_wconf 84' lang='lat' dir='ltr'>inventionibus</span> <span class='ocrx_word' id='word_1_156' title='bbox 1399 1631 1510 1668; x_wconf 88' lang='lat' dir='ltr'>non</span> <span class='ocrx_word' id='word_1_157' title='bbox 1536 1619 1752 1676; x_wconf 76' lang='lat' dir='ltr'>dilatis.</span> <span class='ocrx_word' id='word_1_158' title='bbox 1796 1617 1936 1671; x_wconf 88' lang='lat' dir='ltr'>Obli-</span> 
     </span>
     <span class='ocr_line' id='line_1_24' title="bbox 345 1682 1938 1754; baseline 0.001 -17"><span class='ocrx_word' id='word_1_159' title='bbox 345 1688 615 1754; x_wconf 82' lang='lat' dir='ltr'>quitatem</span> <span class='ocrx_word' id='word_1_160' title='bbox 638 1688 760 1740; x_wconf 88' lang='lat' dir='ltr'>eius</span> <span class='ocrx_word' id='word_1_161' title='bbox 799 1689 1160 1746; x_wconf 77' lang='lat' dir='ltr'>intellexisse,</span> <span class='ocrx_word' id='word_1_162' title='bbox 1181 1682 1287 1736; x_wconf 89' lang='lat' dir='ltr'>hoc</span> <span class='ocrx_word' id='word_1_163' title='bbox 1309 1691 1412 1747; x_wconf 89' lang='lat' dir='ltr'>est,</span> <span class='ocrx_word' id='word_1_164' title='bbox 1434 1699 1620 1737; x_wconf 88' lang='lat' dir='ltr'>rerum</span> <span class='ocrx_word' id='word_1_165' title='bbox 1649 1686 1804 1739; x_wconf 88' lang='lat' dir='ltr'>fores</span> <span class='ocrx_word' id='word_1_166' title='bbox 1825 1700 1938 1754; x_wconf 83' lang='lat' dir='ltr'>ape·</span> 
     </span>
     <span class='ocr_line' id='line_1_25' title="bbox 340 1748 1940 1823; baseline 0.001 -18"><span class='ocrx_word' id='word_1_167' title='bbox 340 1757 523 1807; x_wconf 86' lang='lat' dir='ltr'>ruisse</span> <span class='ocrx_word' id='word_1_168' title='bbox 543 1791 560 1817; x_wconf 92' lang='lat'>,</span> <span class='ocrx_word' id='word_1_169' title='bbox 623 1748 1034 1808; x_wconf 73' lang='lat' dir='ltr'>Anai&#39;imander</span> <span class='ocrx_word' id='word_1_170' title='bbox 1092 1753 1351 1805; x_wconf 89' lang='lat' dir='ltr'>Milesius</span> <span class='ocrx_word' id='word_1_171' title='bbox 1413 1754 1663 1806; x_wconf 85' lang='lat' dir='ltr'>traditur</span> <span class='ocrx_word' id='word_1_172' title='bbox 1708 1757 1940 1823; x_wconf 58' lang='lat' dir='ltr'>primus,</span> 
     </span>
     <span class='ocr_line' id='line_1_26' title="bbox 342 1821 1938 1905; baseline 0.001 -30"><span class='ocrx_word' id='word_1_173' title='bbox 342 1824 681 1892; x_wconf 81' lang='lat' dir='ltr'>Olympiade</span> <span class='ocrx_word' id='word_1_174' title='bbox 723 1824 1177 1905; x_wconf 72' lang='lat' dir='ltr'>quinquagesima</span> <span class='ocrx_word' id='word_1_175' title='bbox 1194 1828 1411 1882; x_wconf 67' lang='lat' dir='ltr'>octava.</span> <span class='ocrx_word' id='word_1_176' title='bbox 1478 1821 1652 1889; x_wconf 80' lang='lat' dir='ltr'>Signa</span> <span class='ocrx_word' id='word_1_177' title='bbox 1673 1824 1938 1887; x_wconf 76' lang='lat' dir='ltr'>deindein</span> 
     </span>
     <span class='ocr_line' id='line_1_27' title="bbox 344 1889 1938 1961; baseline 0 -16"><span class='ocrx_word' id='word_1_178' title='bbox 344 1906 414 1945; x_wconf 84' lang='lat' dir='ltr'>eo</span> <span class='ocrx_word' id='word_1_179' title='bbox 435 1893 801 1956; x_wconf 85' lang='lat' dir='ltr'>Cleostratus,</span> <span class='ocrx_word' id='word_1_180' title='bbox 824 1899 883 1944; x_wconf 90' lang='lat' dir='ltr'>et</span> <span class='ocrx_word' id='word_1_181' title='bbox 903 1908 1082 1959; x_wconf 73' lang='lat' dir='ltr'>prima</span> <span class='ocrx_word' id='word_1_182' title='bbox 1102 1891 1306 1944; x_wconf 85' lang='lat' dir='ltr'>Arietis</span> <span class='ocrx_word' id='word_1_183' title='bbox 1330 1906 1395 1942; x_wconf 89' lang='lat' dir='ltr'>ac</span> <span class='ocrx_word' id='word_1_184' title='bbox 1420 1889 1730 1958; x_wconf 56' lang='lat' dir='ltr'>Sagitta-m</span> <span class='ocrx_word' id='word_1_185' title='bbox 1749 1892 1938 1961; x_wconf 70' lang='lat' dir='ltr'>Sphae-</span> 
     </span>
     <span class='ocr_line' id='line_1_28' title="bbox 339 1960 1931 2030; baseline 0.001 -17"><span class='ocrx_word' id='word_1_186' title='bbox 339 1975 462 2014; x_wconf 85' lang='lat' dir='ltr'>ram</span> <span class='ocrx_word' id='word_1_187' title='bbox 484 1965 660 2030; x_wconf 80' lang='lat' dir='ltr'>ipsam</span> <span class='ocrx_word' id='word_1_188' title='bbox 678 1968 808 2014; x_wconf 87' lang='lat' dir='ltr'>ante</span> <span class='ocrx_word' id='word_1_189' title='bbox 829 1963 1008 2014; x_wconf 90' lang='lat' dir='ltr'>multo</span> <span class='ocrx_word' id='word_1_190' title='bbox 1052 1963 1229 2015; x_wconf 83' lang='lat' dir='ltr'>Atlas.</span> <span class='ocrx_word' id='word_1_191' title='bbox 1291 1960 1450 2013; x_wconf 88' lang='lat' dir='ltr'>Nunc</span> <span class='ocrx_word' id='word_1_192' title='bbox 1491 1960 1697 2013; x_wconf 80' lang='lat' dir='ltr'>relicto</span> <span class='ocrx_word' id='word_1_193' title='bbox 1742 1962 1931 2030; x_wconf 65' lang='lat' dir='ltr'>mundi</span> 
     </span>
     <span class='ocr_line' id='line_1_29' title="bbox 338 2030 1933 2136; baseline 0.003 -55"><span class='ocrx_word' id='word_1_194' title='bbox 338 2030 522 2098; x_wconf 82' lang='lat' dir='ltr'>ipsius</span> <span class='ocrx_word' id='word_1_195' title='bbox 546 2047 798 2100; x_wconf 79' lang='lat' dir='ltr'>corpore,</span> <span class='ocrx_word' id='word_1_196' title='bbox 841 2032 1061 2101; x_wconf 81' lang='lat' dir='ltr'>reliqua</span> <span class='ocrx_word' id='word_1_197' title='bbox 1095 2033 1242 2084; x_wconf 84' lang='lat' dir='ltr'>inter</span> <span class='ocrx_word' id='word_1_198' title='bbox 1261 2030 1478 2085; x_wconf 72' lang='lat' dir='ltr'>caelum</span> <span class='ocrx_word' id='word_1_199' title='bbox 1499 2035 1802 2136; x_wconf 48' lang='lat' dir='ltr'>terrasqute</span> <span class='ocrx_word' id='word_1_200' title='bbox 1822 2038 1933 2100; x_wconf 57' lang='lat' dir='ltr'>fira-</span> 
     </span>
     <span class='ocr_line' id='line_1_30' title="bbox 342 2108 1819 2170; baseline 0.002 -19"><span class='ocrx_word' id='word_1_201' title='bbox 342 2108 583 2153; x_wconf 86' lang='lat' dir='ltr'>ctentur.</span> <span class='ocrx_word' id='word_1_202' title='bbox 1784 2115 1819 2170; x_wconf 79' lang='grc'>;-;</span> 
     </span>
     <span class='ocr_line' id='line_1_31' title="bbox 409 2167 1930 2235; baseline 0.001 -14"><span class='ocrx_word' id='word_1_203' title='bbox 409 2168 695 2222; x_wconf 88' lang='lat' dir='ltr'>Summum</span> <span class='ocrx_word' id='word_1_204' title='bbox 740 2183 880 2231; x_wconf 83' lang='lat' dir='ltr'>esse,</span> <span class='ocrx_word' id='word_1_205' title='bbox 924 2167 1071 2235; x_wconf 88' lang='lat' dir='ltr'>quod</span> <span class='ocrx_word' id='word_1_206' title='bbox 1092 2176 1299 2222; x_wconf 82' lang='lat' dir='ltr'>vocant</span> <span class='ocrx_word' id='word_1_207' title='bbox 1320 2168 1548 2225; x_wconf 86' lang='lat' dir='ltr'>Saturni</span> <span class='ocrx_word' id='word_1_208' title='bbox 1570 2170 1747 2232; x_wconf 74' lang='lat' dir='ltr'>sidus,</span> <span class='ocrx_word' id='word_1_209' title='bbox 1791 2169 1930 2223; x_wconf 86' lang='lat' dir='ltr'>ideo·</span> 
     </span>
     <span class='ocr_line' id='line_1_32' title="bbox 339 2238 1935 2312; baseline 0.001 -24"><span class='ocrx_word' id='word_1_210' title='bbox 339 2251 448 2305; x_wconf 87' lang='lat' dir='ltr'>que</span> <span class='ocrx_word' id='word_1_211' title='bbox 470 2239 755 2289; x_wconf 86' lang='lat' dir='ltr'>minimum</span> <span class='ocrx_word' id='word_1_212' title='bbox 773 2238 971 2302; x_wconf 81' lang='lat' dir='ltr'>videri,</span> <span class='ocrx_word' id='word_1_213' title='bbox 1014 2241 1073 2291; x_wconf 85' lang='lat' dir='ltr'>et</span> <span class='ocrx_word' id='word_1_214' title='bbox 1092 2241 1332 2292; x_wconf 85' lang='lat' dir='ltr'>maximo</span> <span class='ocrx_word' id='word_1_215' title='bbox 1372 2242 1588 2295; x_wconf 87' lang='lat' dir='ltr'>ambire</span> <span class='ocrx_word' id='word_1_216' title='bbox 1611 2241 1840 2303; x_wconf 91' lang='lat' dir='ltr'>circulo,</span> <span class='ocrx_word' id='word_1_217' title='bbox 1856 2251 1935 2312; x_wconf 46' lang='lat' dir='ltr'>«ac</span> 
     </span>
     <span class='ocr_line' id='line_1_33' title="bbox 336 2306 1936 2378; baseline -0.001 -21"><span class='ocrx_word' id='word_1_218' title='bbox 336 2308 629 2373; x_wconf 82' lang='lat' dir='ltr'>trigesimo</span> <span class='ocrx_word' id='word_1_219' title='bbox 672 2321 816 2359; x_wconf 88' lang='lat' dir='ltr'>anno</span> <span class='ocrx_word' id='word_1_220' title='bbox 859 2308 931 2359; x_wconf 86' lang='lat' dir='ltr'>ad</span> <span class='ocrx_word' id='word_1_221' title='bbox 972 2308 1307 2362; x_wconf 83' lang='lat' dir='ltr'>brevissima</span> <span class='ocrx_word' id='word_1_222' title='bbox 1343 2311 1494 2362; x_wconf 84' lang='lat' dir='ltr'>sedis</span> <span class='ocrx_word' id='word_1_223' title='bbox 1517 2326 1652 2364; x_wconf 89' lang='lat' dir='ltr'>suae</span> <span class='ocrx_word' id='word_1_224' title='bbox 1677 2306 1936 2378; x_wconf 76' lang='lat' dir='ltr'>principia</span> 
     </span>
     <span class='ocr_line' id='line_1_34' title="bbox 334 2375 1935 2441; baseline 0.002 -16"><span class='ocrx_word' id='word_1_225' title='bbox 334 2375 578 2441; x_wconf 85' lang='lat' dir='ltr'>regredi,</span> <span class='ocrx_word' id='word_1_226' title='bbox 603 2382 818 2429; x_wconf 87' lang='lat' dir='ltr'>certum</span> <span class='ocrx_word' id='word_1_227' title='bbox 838 2383 939 2429; x_wconf 83' lang='lat' dir='ltr'>est.</span> <span class='ocrx_word' id='word_1_228' title='bbox 980 2378 1240 2430; x_wconf 88' lang='lat' dir='ltr'>Omnium</span> <span class='ocrx_word' id='word_1_229' title='bbox 1264 2385 1449 2432; x_wconf 86' lang='lat' dir='ltr'>autem</span> <span class='ocrx_word' id='word_1_230' title='bbox 1473 2381 1782 2433; x_wconf 86' lang='lat' dir='ltr'>errantium</span> <span class='ocrx_word' id='word_1_231' title='bbox 1806 2377 1935 2430; x_wconf 82' lang='lat' dir='ltr'>side·</span> 
     </span>
     <span class='ocr_line' id='line_1_35' title="bbox 336 2445 1933 2512; baseline 0.004 -21"><span class='ocrx_word' id='word_1_232' title='bbox 336 2456 462 2492; x_wconf 85' lang='lat' dir='ltr'>rum</span> <span class='ocrx_word' id='word_1_233' title='bbox 483 2448 716 2509; x_wconf 79' lang='lat' dir='ltr'>meatus,</span> <span class='ocrx_word' id='word_1_234' title='bbox 738 2447 994 2512; x_wconf 86' lang='lat' dir='ltr'>interque</span> <span class='ocrx_word' id='word_1_235' title='bbox 1016 2462 1084 2498; x_wconf 88' lang='lat' dir='ltr'>ea</span> <span class='ocrx_word' id='word_1_236' title='bbox 1104 2445 1253 2497; x_wconf 85' lang='lat' dir='ltr'>Solis</span> <span class='ocrx_word' id='word_1_237' title='bbox 1273 2454 1331 2499; x_wconf 83' lang='lat' dir='ltr'>et</span> <span class='ocrx_word' id='word_1_238' title='bbox 1353 2448 1563 2510; x_wconf 82' lang='lat' dir='ltr'>Lunae,</span> <span class='ocrx_word' id='word_1_239' title='bbox 1602 2447 1933 2501; x_wconf 74' lang='lat' dir='ltr'>contrarium</span> 
     </span>
     <span class='ocr_line' id='line_1_36' title="bbox 335 2510 1930 2583; baseline 0.005 -25"><span class='ocrx_word' id='word_1_240' title='bbox 335 2510 541 2561; x_wconf 84' lang='lat' dir='ltr'>mundo</span> <span class='ocrx_word' id='word_1_241' title='bbox 580 2527 746 2581; x_wconf 87' lang='lat' dir='ltr'>agere</span> <span class='ocrx_word' id='word_1_242' title='bbox 771 2530 1007 2579; x_wconf 85' lang='lat' dir='ltr'>cursum,</span> <span class='ocrx_word' id='word_1_243' title='bbox 1048 2515 1107 2564; x_wconf 89' lang='lat' dir='ltr'>id</span> <span class='ocrx_word' id='word_1_244' title='bbox 1127 2520 1230 2578; x_wconf 89' lang='lat' dir='ltr'>est,</span> <span class='ocrx_word' id='word_1_245' title='bbox 1247 2515 1483 2579; x_wconf 83' lang='lat' dir='ltr'>laevum,</span> <span class='ocrx_word' id='word_1_246' title='bbox 1521 2519 1625 2569; x_wconf 90' lang='lat' dir='ltr'>illo</span> <span class='ocrx_word' id='word_1_247' title='bbox 1647 2514 1930 2583; x_wconf 70' lang='lat' dir='ltr'>semperin</span> 
     </span>
     <span class='ocr_line' id='line_1_37' title="bbox 336 2575 1927 2660; baseline 0.004 -29"><span class='ocrx_word' id='word_1_248' title='bbox 336 2575 632 2636; x_wconf 81' lang='lat' dir='ltr'>dexteram</span> <span class='ocrx_word' id='word_1_249' title='bbox 671 2585 981 2660; x_wconf 52' lang='lat' dir='ltr'>praecipiti.</span> <span class='ocrx_word' id='word_1_250' title='bbox 1049 2584 1126 2637; x_wconf 77' lang='lat' dir='ltr'>Et</span> <span class='ocrx_word' id='word_1_251' title='bbox 1139 2586 1390 2652; x_wconf 78' lang='lat' dir='ltr'>quamvis</span> <span class='ocrx_word' id='word_1_252' title='bbox 1438 2588 1665 2641; x_wconf 83' lang='lat' dir='ltr'>assidua</span> <span class='ocrx_word' id='word_1_253' title='bbox 1709 2593 1927 2640; x_wconf 79' lang='lat' dir='ltr'>com-er·</span> 
     </span>
    </p>
   </div>
   <div class='ocr_carea' id='block_1_5' title="bbox 691 2747 776 2768">
    <p class='ocr_par' dir='ltr' id='par_1_6' title="bbox 691 2747 776 2768">
     <span class='ocr_line' id='line_1_38' title="bbox 691 2747 776 2768; baseline 0 0"><span class='ocrx_word' id='word_1_254' title='bbox 691 2751 694 2756; x_wconf 52' lang='lat'>³</span> <span class='ocrx_word' id='word_1_255' title='bbox 741 2747 776 2768; x_wconf 62' lang='lat' dir='ltr'>&#39;fl</span> 
     </span>
    </p>
   </div>
   <div class='ocr_carea' id='block_1_6' title="bbox 1977 0 1993 2962">
    <p class='ocr_par' dir='ltr' id='par_1_7' title="bbox 1977 0 1993 2962">
     <span class='ocr_line' id='line_1_39' title="bbox 1977 0 1993 2962; baseline 0 0"><span class='ocrx_word' id='word_1_256' title='bbox 1977 0 1993 2962; x_wconf 95' lang='lat' dir='ltr'> </span> 
     </span>
    </p>
   </div>
  </div>
 </body>
</html>
