2009 3025
340 96 646 155 NATUR.
687 99 1026 153 nis'roR.
1071 98 1234 151 LIB.
1269 95 1368 149 Vl.
1404 94 1492 149 2⁰.
1551 112 1556 117 ’
1612 95 1717 154 369

88 262 95 266 ,
117 220 223 258 nos
247 204 618 271 centuplicato
632 208 890 255 ‘veneant
959 201 1087 253 Duo
1118 199 1302 252 millia
1342 213 1598 264 passuum
1643 203 1712 253 ab

118 273 463 329 Alexandria
484 275 641 325 abest
665 270 1255 339 oppidum-Iuliopolis.
1295 268 1426 320 Inde
1447 270 1713 336 navigant

119 343 253 395 Nilo
276 343 508 408 Coptum
543 343 749 395 CCCIII
784 340 922 392 mill.
943 353 1222 407 passuum,
1262 337 1353 404 qui
1376 350 1564 389 cursus
1586 338 1718 390 Ete-

114 413 219 463 siis
239 410 497 463 flantibus
518 411 803 478 peragitur
823 410 929 462 XII
949 409 1163 461 diebus.
1233 409 1278 461 A
1298 408 1471 475 Copto
1490 407 1717 458 camelis

115 482 263 542 itur,
325 479 682 547 aquationum
721 479 941 551 ratione
970 474 1361 530 mansionibus
1414 473 1719 540 dispositis.
1749 536 1754 539 .

116 549 308 601 Prima
328 547 639 617 appellatur
658 548 966 613 Hydreum,
1007 545 1215 598 XXXII
1257 543 1393 595 mill.
1464 543 1721 599 Secunda

118 621 178 669 in
200 625 404 678 monte,
446 616 560 668 diei
582 616 800 668 itinere.
871 615 1069 668 Tertia
1086 615 1146 665 in
1168 612 1350 665 altero
1371 611 1722 679 Hydreuma-

120 693 210 750 te,
251 701 287 738 a
318 687 496 752 Copto
517 682 669 737 XCV
691 685 828 737 mill.
901 684 1119 736 Deinde
1137 683 1193 734 in
1209 686 1419 733 monte.
1489 679 1632 732 Mox
1648 679 1722 730 ud
1791 679 1814 693 ⁸

34 760 49 769 ’
120 754 417 823 Hydreum
434 754 726 820 Apollinis,
766 769 800 806 a
819 755 997 819 Copto
1042 750 1369 804 CLXXXIV
1406 749 1545 805 mill.
1575 763 1722 814 pass.

124 825 340 876 Rursus
362 825 422 875 in
444 829 645 876 monte.
700 823 838 876 Mox
857 823 930 876 ad
954 836 1152 874 novum
1171 819 1466 888 Hydreum
1489 833 1523 870 a
1546 820 1721 884 Copto

126 892 452 959 CCXXXIII
480 893 620 943 mill.
641 906 787 959 pass.
858 893 961 945 Est
981 898 1041 944 et
1058 891 1210 943 aliud
1234 888 1518 956 Hydreum
1539 893 1725 947 vetus,

122 960 591 1029 Troglodyticum
613 962 958 1025 nominatur,
994 960 1093 1012 ubi
1118 958 1454 1025 praesidium
1485 955 1724 1009 excubat

126 1028 462 1082 diverticulo
489 1030 654 1081 duum
675 1030 926 1084 millium.
996 1029 1186 1081 Distat
1211 1026 1259 1078 'a
1291 1041 1438 1079 novo
1467 1023 1748 1093 Hydrea-⁴
1857 1029 1864 1040 '

124 1096 374 1150 mate-IV
392 1099 538 1151 mill.
554 1114 830 1166 passuum.
887 1099 1020 1152 Inde
1038 1098 1306 1151 Berenice
1329 1094 1604 1162 oppidum,
1624 1093 1724 1146 ubi

123 1174 322 1233 portus
344 1168 517 1219 Rubri
536 1169 725 1231 maris,
766 1184 802 1220 a
819 1170 996 1234 Copto
1035 1165 1304 1218 CCLVIII
1338 1165 1418 1216 M.
1445 1176 1723 1231 passuum.

123 1235 237 1288 Sed
259 1238 388 1303 quia
407 1237 589 1287 maior
607 1251 733 1303 pars
753 1237 967 1298 itineris
989 1236 1280 1288 conficitur
1300 1234 1557 1284 noctibus
1598 1247 1723 1298 pro·

124 1311 251 1372 pter
272 1310 478 1365 aestus,
497 1310 554 1355 et
573 1306 795 1356 stativis
816 1306 934 1357 dies
956 1307 1342 1364 absumuntur,
1363 1308 1544 1353 totum
1568 1316 1604 1353 a
1623 1302 1724 1351 Co·

100 1381 223 1444 „pto
245 1371 553 1424 Berenicen
575 1371 684 1422 iter
706 1366 1032 1424 duodecimo
1058 1372 1345 1422 conficitur
1365 1369 1474 1422 die.

195 1441 472 1506 Navigare
508 1439 783 1505 incipiunt
820 1446 1037 1493 aestate
1076 1438 1264 1493 media
1302 1443 1432 1491 ante
1454 1438 1619 1489 Canis
1641 1451 1726 1488 or-

124 1520 267 1574 tum,
306 1516 406 1563 aut
446 1509 517 1562 ab
554 1516 756 1562 exortu
795 1509 1083 1576 protinus:
1124 1508 1460 1573 veniuntque
1502 1506 1728 1559 circiter

125 1580 291 1633 XXX
331 1580 421 1632 die
442 1578 655 1631 Ocelim
675 1579 939 1641 Arabiae,
978 1584 1076 1632 aut
1095 1578 1279 1632 Canen
1306 1573 1613 1630 thuriferae
1643 1589 1729 1627 re·

128 1649 329 1717 gionis.
365 1649 467 1700 Est
489 1655 546 1700 et
566 1648 765 1700 tertius
783 1655 994 1715 portus,
1007 1647 1100 1714 qui
1116 1650 1350 1697 vocatur
1359 1645 1548 1707 Muza,
1563 1660 1725 1712 quem

126 1718 323 1772 Indica
341 1717 625 1785 navigatio
647 1733 755 1770 non
776 1718 935 1785 petit,
975 1731 1079 1769 nec
1099 1714 1211 1766 nisi
1252 1713 1432 1765 thuris
1474 1714 1729 1772 odorum·

131 1803 238 1854 que
256 1787 611 1838 Arabicarum
634 1794 991 1840 mercatores.
1062 1784 1216 1836 Intus
1238 1784 1538 1851 oppidumz
1573 1783 1730 1851 regia
1773 1785 1784 1796 “

128 1857 251 1909 eius
275 1854 582 1922 appellatur
601 1854 829 1922 Saphar,
844 1855 1104 1921 aliudque
1123 1852 1283 1905 Save.
1350 1852 1520 1905 Indos
1541 1859 1725 1904 autem

127 1926 443 1993 petentibus
480 1926 839 1978 utilissimum
876 1929 964 1978 est
1007 1923 1094 1976 ab·
1115 1921 1276 1974 Oceli
1315 1920 1525 2004 egredi.
1592 1921 1728 1973 Inde
1771 1977 1774 1986 ,

127 2001 296 2048 vento
318 1994 560 2062 Hippalo
580 1994 844 2062 navigant
865 1992 1063 2046 diebus
1098 1992 1474 2060 quadraginta
1495 1989 1588 2043 ad·
1609 1990 1726 2056 pri-
1767 2010 1779 2025 *

127 2078 281 2116 mum
325 2064 630 2128 emporium
663 2064 856 2117 Indiae
885 2062 1171 2125 Muzirim,
1209 2077 1321 2114 non
1360 2060 1725 2128 expetendum

119 2138 361 2200 *propter
378 2132 589 2185 vicinos
628 2132 857 2199 piratas,
900 2135 992 2199 qui
1016 2132 1266 2184 obtinent
1284 2130 1470 2182 locum
1507 2131 1728 2181 nomine

129 2202 346 2254 Nitrias
365 2218 383 2252 ε
427 2216 603 2268 neque
626 2208 710 2254 est
744 2203 1030 2272 abundans
1069 2201 1360 2253 mercibus.
1430 2198 1729 2252 Praeterea

128 2271 298 2337 longe
319 2285 352 2321 a
373 2277 523 2323 terra
542 2271 700 2324 abest
719 2274 941 2330 navium
964 2270 1168 2332 statio,
1205 2269 1575 2336 lintribusque
1594 2265 1727 2318 affe·
1785 2289 1791 2296 ·

120 2347 328 2396 runtur
351 2354 536 2402 onera,
556 2345 613 2391 et
633 2349 978 2409 regeruntur.
1038 2339 1327 2407 Regnabat
1346 2337 1443 2399 ibi,
1465 2351 1586 2388 cum
1606 2350 1728 2403 pro·

127 2407 318 2461 derem
338 2406 503 2471 haec,
544 2408 923 2463 Celebothras.
992 2410 1152 2461 Alius
1172 2406 1370 2459 utilior
1389 2412 1578 2474 portus
1600 2417 1727 2472 gen-

129 2481 203 2530 tis
225 2476 561 2540 Necanidon,
604 2478 699 2545 qui
718 2485 947 2531 vocatur
965 2478 1198 2537 Barace.
1268 2476 1351 2528 Ibi
1370 2481 1569 2542 regnat
1591 2474 1728 2525 Pan·

132 2546 262 2598 dion
277 2582 295 2609 ,
337 2545 502 2613 longe
522 2548 592 2599 ab
611 2547 859 2613 emporio
880 2548 1289 2600 mediterraneo
1314 2544 1555 2597 distante
1576 2545 1726 2611 oppi-

132 2616 233 2677 do,
257 2612 402 2681 quod
424 2621 659 2667 vocatur
677 2616 932 2668 Modusa.
1004 2615 1177 2683 Regio
1197 2621 1410 2676 autem,
1431 2628 1500 2667 ex
1520 2627 1628 2681 qua
1650 2613 1724 2679 pi·

205 2682 396 2736 Pam.
434 2683 600 2747 Tou,
639 2684 678 2735 I.
808 2698 812 2703 ·
1217 2686 1320 2735 Aa
