2009 3025
217 86 524 142 NATUR.
563 66 906 141 ms'ron.
961 86 1128 145 Lm.
1189 91 1270 144 11.
1307 92 1432 146 45.
1523 93 1626 149 153

64 191 121 243 tit
154 198 316 258 atque
356 190 529 243 etiam
568 187 790 242 humani
828 191 1022 250 nubila
1048 193 1215 243 animi
1254 199 1495 247 serenat:
1535 196 1628 249 hic

17 306 18 309 ,
61 276 190 312 suum
209 260 397 311 lumen
418 259 619 310 ceteris
640 271 858 327 quoque
879 260 1154 312 'sideribus
1168 260 1451 324 foenerat,
1473 279 1629 330 prae·
1650 240 1661 267 ⁴
1712 314 1729 327 ,

16 368 24 405 ι
60 331 237 392 clarus,
278 328 535 406 eximius,
574 328 758 380 omnia
776 329 1017 392 intuens,
1060 331 1246 383 omnia
1263 330 1437 383 etiam
1458 346 1626 383 exau·
1654 276 1669 361 ²

17 436 18 439 ,
59 399 212 516 ὀίω-Ἃ
225 402 290 447 ut
312 394 547 463 principi
569 394 863 446 literarum
884 399 1129 451 Homero
1149 398 1427 466 placuisse
1440 400 1500 453 iu
1522 414 1632 454 uno
1660 372 1671 481 Ι

17 510 20 513 Α
60 482 175 518 eon
214 479 301 516 eo.
1145 486 1149 490 >
1222 476 1237 486 ·

111 534 173 588 V.
230 534 593 598 Quapropter
631 529 869 600 effigiem
891 530 1000 584 Dei
1025 531 1374 601 formamque
1398 549 1632 602 quaere-

58 617 124 667 re,
147 601 552 654 imbecillitatis
571 597 842 652 humanae
862 616 1008 653 reor.
1069 603 1330 668 Quisquis
1351 613 1436 655 est
1455 603 1630 666 Deus,

61 673 102 723 si
129 670 287 722 modo
333 675 421 721 est
444 668 608 732 alius,
650 675 707 722 et
724 683 1047 736 quacunque
1068 670 1125 721 in
1151 677 1330 737 parte,
1370 677 1522 724 totus
1546 679 1634 725 est

62 755 245 801 seusus,
267 744 423 790 totus
441 737 608 799 visus,
650 743 805 789 totus
829 738 1073 801 auditus,
1117 746 1271 791 totus
1288 740 1524 804 animae,
1545 746 1632 792 to·

59 815 128 861 tus
145 807 330 870 animi,
352 812 512 858 totus
531 808 634 858 sui.
694 807 1020 860 Innumeros
1043 808 1264 875 quidem
1289 808 1528 869 credere,
1548 816 1633 860 at·

60 892 142 944 que
158 879 327 929 etiam
348 890 417 927 ex
437 861 733 927 virtutibus
752 874 1334 944 vitiisquehominuw
1371 882 1435 928 ut
1464 876 1632 928 Pudi.

60 947 239 1008 citiam,
262 941 649 1007 Concordiam,
668 944 933 1006 Mentem,
954 944 1141 1010 Spem,
1162 946 1466 1008 Honorem,
1507 946 1632 998 Cle·

58 1016 314 1077 incutiam,
358 1012 570 1075 Fidem,
612 1018 712 1064 aut
751 1017 836 1076 (ut
861 1013 1190 1064 Democrito
1212 1014 1443 1080 placuit)
1488 1013 1628 1065 duos

60 1085 280 1145 omniu‘o,
314 1080 559 1134 Poenam
597 1087 656 1132 et
675 1081 1042 1143 Beneficium,
1064 1082 1330 1132 maiorem
1354 1082 1425 1133 ad
1444 1096 1632 1133 socor-

58 1153 181 1204 diam
223 1149 457 1204 accedit.
516 1150 754 1217 Fragilis
793 1156 851 1202 et
888 1150 1178 1201 laboriosa
1216 1150 1534 1202 mortalitas
1572 1156 1632 1201 in

17 1280 18 1283 Ἴ
56 1232 215 1287 partes
256 1222 373 1270 ista
410 1219 679 1287 digessit,
717 1219 1063 1270 infirmitatis
1102 1234 1240 1271 suae
1279 1234 1528 1280 memor,
1566 1226 1631 1271 ut

53 1289 378 1354 portionibus
398 1289 606 1339 coleret
623 1286 867 1354 quisque,
906 1302 1016 1355 quo
1056 1290 1295 1340 maxime
1308 1289 1628 1353 ,indigerem

57 1359 220 1425 ltaque
261 1357 492 1409 nomina
510 1356 623 1407 alia
641 1355 1056 1424 aliisgentibus,
1095 1361 1155 1407 et
1193 1358 1420 1406 numina
1458 1357 1520 1405 in
1537 1355 1632 1406 iis-

57 1425 159 1480 dem
175 1425 612 1478 innumerabilia
632 1428 961 1491 reperimuse
1003 1422 1198 1475 inferis
1221 1437 1437 1490 quoque
1457 1423 1512 1472 in
1535 1436 1632 1489 ge-

17 1517 20 1532 ÷
54 1510 167 1549 nera
180 1495 496 1562 descriptis,
538 1494 854 1560 morbisque
875 1498 935 1545 ot
955 1491 1148 1543 multis
1165 1492 1335 1544 etiam
1363 1491 1630 1557 pestibus,

53 1565 162 1617 dum
191 1581 319 1619 esse
338 1567 590 1631 placatas
608 1563 828 1629 trepido
852 1568 1003 1613 metu
1046 1563 1308 1626 cupimus.
1387 1559 1629 1624 Ideoque

17 1637 20 1684 5
54 1635 197 1687 etiam
217 1635 443 1702 publice
459 1632 651 1685 Febris
672 1631 858 1682 fanum
887 1630 946 1680 in
983 1627 1201 1680 Palatio
1246 1627 1488 1678 dicatum
1525 1633 1631 1688 est,

17 1741 20 1750 .
50 1703 295 1755 Orbonae
316 1702 389 1755 ad
432 1702 624 1754 aedem
653 1700 900 1760 Larium,
941 1700 999 1748 et
1019 1712 1118 1747 ara
1139 1694 1326 1746 Malae
1346 1693 1631 1746 Fortunae

47 1770 330 1840 Exquiliis.
390 1771 766 1834 Quamobrem
806 1765 987 1817 maior
1009 1763 1267 1816 caelitum
1295 1763 1526 1829 populus
1550 1768 1633 1812 et·

17 1839 142 1910 fiam
162 1854 331 1908 quam
353 1838 634 1890 hominum
672 1835 918 1903 intelligi
957 1838 1174 1901 potest,
1226 1846 1388 1898 quum
1428 1830 1631 1898 singuli

17 1913 20 1954 ἰ
49 1922 248 1979 quoque
268 1921 341 1963 ex
360 1905 672 1972 semetipsis
691 1904 927 1958 totidem
950 1902 1103 1954 Deos
1125 1899 1353 1964 faciant,
1392 1899 1627 1952 Iunones

17 1963 20 2058 ἰ
49 1975 351 2044 Geniosque
400 1975 717 2042 adoptando
769 1974 902 2026 sibit
958 1977 1152 2039 gentes
1187 1983 1317 2021 vero
1357 1968 1628 2034 quaedam

17 2059 20 2096 ε
46 2048 314 2110 animalia,
337 2050 394 2097 et
410 2045 597 2112 aliqua
617 2043 781 2095 etiam
809 2044 1105 2110 obscoena,
1124 2052 1225 2104 pro
1249 2035 1355 2087 diis
1369 2035 1630 2097 habeant,
1688 2087 1693 2092 ,

17 2111 100 2165 {ac
113 2114 468 2167 multudictu
487 2113 668 2179 magis
687 2110 955 2179 pudenda,
978 2122 1079 2175 per
1100 2105 1340 2158 foetidos
1363 2103 1537 2164 cibos,
1571 2108 1628 2153 et

17 2173 20 2250 Ι
43 2182 146 2233 alia
182 2184 397 2234 similia
449 2185 719 2231 iurantes.
798 2175 1167 2229 Matrimonia
1213 2173 1435 2239 quidem
1477 2172 1627 2222 iuter

17 2246 179 2314 'Deos
200 2249 380 2312 credi,
404 2252 673 2313 tantoque
694 2260 829 2298 aevo
853 2257 923 2296 ex
943 2242 1030 2294 his
1052 2241 1325 2293 neminem
1347 2239 1526 2302 nasci3
1568 2246 1627 2291 et

17 2319 172 2370 *alios
215 2334 343 2371 esse
364 2316 710 2385 grandaevos
731 2326 1054 2381 semperque
1090 2323 1274 2370 canos,
1314 2307 1459 2358 alios
1481 2308 1634 2359 iuve-

17 2383 124 2464 {ues
144 2394 317 2457 atque
337 2397 555 2453 pueros,
577 2385 686 2436 atri
710 2383 932 2445 coloris,
962 2380 1223 2446 aligeros,
1247 2376 1489 2437 claudos,
1522 2388 1628 2428 ovo

17 2454 219 2526 ‚editos
243 2490 260 2518 ,
303 2460 363 2507 et
404 2453 640 2507 alternis
675 2452 866 2505 diebus
908 2450 1157 2501 viventes
1202 2445 1630 2512 morientesque,

17 2524 331 2590 macrinum
373 2537 474 2590 pro
515 2538 547 2574 e
595 2521 1083 2573 deliramentorum
1124 2520 1225 2566 est.
1305 2512 1419 2566 Sed
1459 2526 1629 2581 super

17 2599 262 2647 ‘omnem
300 2593 455 2663 impu
495 2590 723 2656 entiam,
763 2587 1045 2642 adulteria
1080 2584 1233 2637 inter
1272 2584 1420 2650 ipsos
1466 2581 1630 2650 fingi-

263 2891 300 2918 Ν
