2009 3025
234 91 571 163 aaran.
612 101 947 164 HISTOR.
983 111 1140 164 Lis.
1179 110 1285 166 iv.
1320 113 1406 171 23.
1529 116 1631 170 285

15 211 236 264 'Platea
264 214 555 279 sexaginta
586 214 723 264 mill.
795 213 952 265 Unde
982 207 1207 265 camina
1233 216 1464 282 triginta
1496 225 1630 268 -octo

38 280 178 331 mili.
201 279 516 343 Azibintha,
541 283 763 344 Lanise,
781 282 1013 350 Tragia,
1025 282 1633 343 Pharmacusa,Teche-

42 349 129 400 dia
154 345 414 399 Chalcia:
456 350 723 416 Calydna,
763 350 821 400 in
846 365 955 417 qua
976 350 1235 417 oppidum
1263 353 1428 416 Coos:
1467 353 1630 419 Caly·

41 432 188 478 mna,
208 431 242 467 a
260 431 369 483 qua
388 416 742 483 Carpathum,
787 434 927 485 quae
949 434 1150 484 nomen
1171 419 1470 485 Carpathio
1494 422 1634 476 mari

43 486 223 547 dedit,
264 486 441 538 XXV.
482 487 618 538 mill.
661 502 937 554 passuum.
1010 488 1142 540 Inde
1170 485 1419 539 Rhodum
1443 487 1632 540 Africo

43 563 209 607 vento
235 556 639 622 quinquaginta
658 558 901 622 M..pass.
933 558 977 608 A
997 554 1275 622 Carpatho
1311 558 1490 608 Cason
1532 558 1638 609 VII

43 625 116 675 M.
192 625 238 674 A
253 625 399 676 Caso
420 624 737 678 Samonium
761 626 962 678 Cretae
1001 626 1453 692 promontorium
1472 625 1636 680 'xxx

41 693 118 745 M.
192 693 257 743 In
277 692 488 759 Euripo
511 700 695 746 autem
719 694 969 746 Euboico
986 728 1002 755 ,
1045 694 1225 759 primo
1249 692 1365 745 fere
1387 694 1639 755 introitu,
1676 681 1713 812 ὅ

41 760 292 812 Petaliae
312 771 553 828 quatuor
572 763 814 824 insulae,
854 765 987 814 etin
1012 763 1165 814 exitu
1185 763 1459 813 Atalante.
1531 762 1640 828 Cy·

45 829 230 882 clades
255 836 310 882 et
331 830 608 896 Sporades
632 833 700 881 ab
724 815 1640 895 oriemmoncarfirAsiae,

45 901 109 951 ab
132 898 417 951 occidente
442 898 687 967 Myrtois
711 902 992 961 Atticae,a
1012 899 1404 965 septemtrione
1416 899 1637 966 Aegaeo

42 968 212 1034 mari,
254 983 286 1019 a
311 968 543 1020 meridie
562 967 785 1020 Cretico
804 974 862 1019 et
884 966 1184 1034 Carpathio
1217 967 1494 1027 inclusae,
1537 981 1638 1032 pei·

42 1035 184 1087 DCC
221 1034 301 1088 M.
343 1036 399 1086 in
430 1035 862 1103 longitudinem,
902 1042 959 1090 et
977 1051 1080 1104 per
1099 1036 1264 1088 CCin
1286 1035 1637 1088 latitudinem

41 1105 243 1158 iacent.
1622 1137 1629 1142 .

110 1179 408 1247 Pagasicus
422 1178 578 1231 sinus
596 1189 730 1232 ante
751 1190 811 1233 se
823 1172 1359 1242 habetRutyehiam
1373 1210 1388 1235 ,
1405 1172 1636 1241 Cicyne-

42 1246 216 1309 thum,
230 1253 289 1302 et
304 1243 536 1315 scyrum
557 1264 726 1317 supra
747 1249 969 1311 dictam,
982 1249 1079 1299 sed
1095 1242 1397 1311 Cycladum
1423 1249 1482 1295 et
1501 1245 1638 1308 Spo-

15 1303 18 1360 Ψ
42 1316 238 1368 radam
291 1322 578 1369 extimam:
632 1318 986 1378 Gerontiaim
1037 1312 1389 1369 Scandilam:
1459 1310 1638 1363 Ther·

42 1399 251 1446 masiis,
289 1384 608 1448 Irrhesiam‚
648 1386 1012 1445 Solimniam,
1047 1383 1407 1434 Eudemiam.
1444 1378 1639 1436 Neam,

42 1469 184 1522 quae
204 1453 487 1508 Minervae
514 1470 677 1508 sacra
714 1460 817 1507 est.
889 1451 1065 1506 Athos
1104 1457 1235 1501 ante
1272 1465 1332 1501 se
1374 1452 1639 1518 quatuor:

41 1522 407 1591 Peparethum
431 1540 551 1576 oum
574 1524 796 1592 oppido,
816 1522 1092 1589 quondam
1105 1522 1388 1571 Euoenum
1413 1517 1640 1572 dictam.
1735 1571 1743 1577 ,

41 1608 236 1645 novem
258 1594 334 1645 M.
358 1608 644 1660 passuum:
685 1591 997 1650 Sciathum,
1038 1586 1349 1655 quindecim
1360 1586 1478 1637 M..
1526 1586 1634 1636 lma-

39 1664 197 1714 brum
219 1677 344 1713 cum
368 1662 570 1729 oppido
596 1658 933 1713 LXXXVIII
967 1659 1045 1709 Μ.
1081 1670 1359 1723 passuum.
1428 1652 1639 1709 Eadem

44 1732 201 1783 abest
222 1732 552 1782 aMastusia
574 1729 901 1782 Cherronesi
918 1725 1079 1779 XXV
1099 1726 1178 1776 M.
1201 1739 1344 1791 pass.
1381 1722 1510 1788 Ipsa
1531 1723 1638 1773 cir-

46 1802 193 1853 cuitu
210 1799 419 1851 -LXXII
441 1799 519 1850 M.
540 1811 826 1864 passuum,
866 1795 1218 1862 perfunditur
1255 1806 1417 1844 amne
1456 1790 1639 1842 Ilisso.

43 1872 119 1923 Ab
140 1884 210 1922 ea
220 1868 464 1919 Lemnos
482 1867 678 1935 viginti
693 1867 802 1918 duo
818 1866 1068 1931 M.,quae
1082 1865 1150 1915 ab
1163 1861 1306 1914 Atho
1326 1857 1638 1912 LXXXVII

42 1939 115 1990 M.
142 1951 430 2007 passuum.
497 1937 743 1988 Circuitu
766 1939 923 2002 patet
939 1933 1086 1985 CXII
1108 1932 1187 1984 M.
1211 1931 1281 1983 D.
1306 1943 1451 1997 pass.
1521 1928 1632 1992 Op-

42 2008 166 2076 pida
185 2006 359 2059 habet
378 2003 777 2070 Hephaestiam
798 2009 856 2055 et
875 2004 1152 2069 Myrinam
1164 2037 1180 2064 ,
1199 2003 1256 2050 in
1346 1998 1432 2063 ius
1451 1978 1684 2069 forum}

43 2076 290 2129 solstitio
312 2072 486 2127 Athos
509 2072 819 2126 eiaculatur
841 2073 1108 2137 umbram.
1180 2071 1221 2122 A
1293 2082 1361 2120 ea
1391 2064 1636 2118 Thassos
1652 2076 1683 2116 Ἴ

40 2132 896 2213 mmmm-auam,
916 2136 1060 2191 oiim
1091 2137 1257 2190 Aeria
1289 2136 1383 2188 vei
1405 2131 1637 2187 Aethrae

42 2215 211 2268 dicta.
280 2213 413 2265 Inde
432 2211 654 2268 Abdera
675 2210 1035 2269 continentis,
1075 2206 1231 2257 XXII
1254 2205 1333 2257 Μ.
1354 2215 1635 2270 passuum.

41 2283 214 2336 Athos
232 2284 525 2350 sexaginta
567 2280 678 2331 duo
718 2279 797 2330 M.
836 2275 1186 2329 Tantundem
1224 2272 1409 2323 insula
1448 2258 1638 2352 §aiflo-

39 2348 248 2415 thrace‚
266 2365 409 2419 quae
429 2349 622 2412 libera,
640 2353 773 2399 ante
796 2347 1066 2405 Hebrum,
1107 2343 1176 2397 ab
1197 2340 1380 2395 Imbro
1398 2344 1638 2407 ,triginta

40 2422 146 2474 duo
171 2423 271 2483 Μ.,
310 2434 345 2469 a
365 2419 569 2471 Lemno
588 2414 795 2486 viginti
817 2414 928 2466 duo
948 2413 1027 2463 Μ.
1044 2411 1147 2474 Ι).,
1186 2424 1222 2461 a
1242 2407 1515 2461 Thraciae
1538 2419 1648 2467 ora,

39 2493 269 2559 triginta
290 2496 419 2541 octo
443 2488 543 2550 Μ.,
566 2485 808 2539 circuitu
826 2481 1060 2549 triginta
1081 2478 1189 2560 duo
1209 2478 1317 2560 NI,
1355 2474 1637 2528 attollitur

41 2568 230 2612 monte
249 2558 438 2611 Saoce*
449 2557 635 2609 decem
657 2554 736 2606 M.
759 2564 1018 2620 passuum
1039 2547 1377 2609 altitudinis,
1418 2544 1506 2597 vel
1529 2544 1633 2595 im·

15 2624 16 2631 ’
41 2628 468 2694 portuosissima
498 2625 762 2680 omnium.
827 2617 1198 2672 Callimachus
1241 2630 1362 2669 eam
1405 2614 1634 2697 antiquo
