2009 3025
252 135 563 192 NATUR.
618 136 959 192 HISTOR.
1017 140 1168 193 LIB.
1210 141 1424 197 ivae.
1535 146 1639 196 28⁷

48 246 176 290 tena
196 239 599 303 quinquaginta
618 239 792 303 M-,ut
813 250 1016 295 auctor
1035 250 1118 295 est
1131 243 1310 295 Varro
1336 251 1391 303 et
1413 245 1529 297 fere
1549 263 1639 298 vo-

52 316 209 358 teres.
263 303 448 369 Nepos
469 305 755 360 Cornelius
776 316 1030 377 trecenta
1050 311 1228 361 millia
1246 314 1641 378 quinquaginta

51 375 250 426 adiicit.
321 372 707 424 Artemidorus
729 379 897 426 vicies
919 378 1112 430 novies
1134 386 1365 431 centena
1397 380 1533 430 XIX
1560 382 1639 432 M.

50 443 206 494 facitt
242 443 489 509 Agrippa
507 441 678 493 vicies
703 450 760 494 et
779 449 979 509 quater·
994 453 1245 510 centena,
1268 461 1325 500 et
1346 448 1448 499 LX
1472 447 1641 510 mill.;

49 511 331 563 Mucianus
346 545 362 572 ,
406 512 575 562 vicies
597 516 655 562 et
685 518 884 579 quater
903 519 1137 564 centena
1158 521 1213 565 et
1232 515 1387 568 XXV
1411 517 1488 566 M.
1560 516 1642 568 Sia

51 580 162 631 mili
184 579 349 630 modo
371 579 441 631 de
455 580 710 644 Europae
735 581 910 633 latere
932 595 1240 633 mensuram
1262 582 1361 634 alii
1385 590 1645 651 quatuor-

51 648 225 700 decies
248 656 482 700 centena
509 646 793 701 LXXVIII
825 651 903 699 M.
923 649 993 712 D.
1035 649 1195 701 deter
1254 652 1265 663 ”
1310 667 1499 704 avere:
1541 652 1644 704 alii

49 714 300 768 undecies
321 722 554 769 centena
575 724 775 783 septua
816 718 935 770 'nta
951 717 1060 769 duo
1083 719 1202 769 mill
1309 756 1322 771 .
1367 718 1546 777 Varro
1570 721 1644 772 ad

51 782 184 837 hunc
203 781 432 836 mo'dum
450 787 698 837 metitur.
814 787 848 838 b
890 787 1037 848 ostio
1075 785 1244 839 Ponti
1287 789 1644 854 Apolloniam

52 853 396 908 CLXXXVII
419 854 497 905 M.
510 853 578 905 D.
590 855 959 920 pass.Calatiu
980 855 1322 909 tantundem.
1341 859 1421 909 Ad
1437 860 1643 909 ostium

50 921 171 974 lstri
195 922 419 975 CXXV.
491 921 575 975 Ad
605 921 1012 990 Borysthenem
1044 923 1197 975 CCL.
1238 923 1642 979 Cherronesum

54 990 503 1045 Heracleotarum
548 991 823 1058 oppidum-
853 991 1193 1044 CCCLXXV
1235 993 1313 1044 M.
1344 1008 1486 1059 pass.
1558 994 1644 1048 Ad

51 1057 474 1127 Panticapaeum
490 1094 506 1121 ,
548 1059 698 1126 quod
720 1060 894 1128 aliqui
911 1059 1262 1127 Bosphorum
1284 1073 1508 1125 vocant,
1549 1074 1645 1116 ex·

53 1132 278 1181 tremum
298 1130 359 1181 in
380 1129 641 1195 Europae
661 1144 779 1193 ora,
801 1128 1047 1183 CCXXII
1066 1129 1247 1192 M.D.,
1263 1144 1404 1196 quae
1428 1144 1644 1185 summa

54 1195 210 1248 efficit
228 1197 508 1251 tredecies
533 1205 784 1260 centena,
826 1206 882 1250 et
923 1198 1162 1266 triginta
1199 1207 1413 1264 septem
1452 1199 1531 1252 M.
1569 1201 1641 1254 D.

54 1267 283 1333 Agrippa
303 1280 338 1316 a
357 1266 637 1334 Byzantio
660 1267 730 1320 ad
768 1265 972 1318 flumen
999 1268 1221 1330 Istrum,
1259 1267 1433 1321 DLX.
1504 1269 1640 1324 Inde

53 1332 472 1401 Panticapaeum
493 1335 768 1386 Dcxxx.
839 1334 1025 1385 Lacus
1065 1337 1185 1400 ipse
1224 1336 1486 1399 Maeotis,
1526 1341 1636 1389 Ta·
1723 1392 1730 1397 ᾗ

52 1405 165 1454 nain
187 1416 407 1454 amnem
433 1415 502 1452 ex
521 1400 778 1467 Riphaeis
808 1403 1088 1453 montibus
1126 1403 1460 1456 defluentem
1502 1409 1643 1458 acci·

53 1472 222 1536 piens,
265 1470 629 1524 novissimum
661 1471 1109 1536 inter-Europam
1128 1472 1419 1538 Asiamque
1461 1472 1641 1539 finem,
1695 1477 1704 1483 ‘

54 1550 235 1605 quater
255 1549 314 1594 et
336 1539 518 1591 decies
538 1544 791 1601 centena,
831 1544 889 1590 et
909 1555 1012 1590 sex
1031 1533 1286 1605 passuum
1307 1539 1386 1591 M.
1411 1543 1640 1595 circuitu

52 1617 233 1673 patere
269 1608 530 1661 traditur.
599 1609 680 1660 Ab
724 1609 848 1659 aliis
885 1608 1153 1659 undecies
1197 1614 1443 1671 centena,
1482 1609 1641 1663 XXV

28 1676 120 1727 VM.
187 1679 268 1730 Ab
301 1677 449 1729 ostio
481 1677 599 1728 eius
639 1676 711 1729 ad
733 1676 937 1727 Tanais
978 1676 1185 1727 ostium
1225 1676 1437 1727 directo
1479 1694 1640 1730 cursu

55 1747 434 1804 CCCLXXXV
472 1747 551 1797 M.
577 1760 720 1812 pass.
743 1761 867 1798 esse
906 1749 1141 1796 constat.
1212 1745 1450 1797 Accolae
1489 1750 1640 1800 sinus

54 1817 162 1867 eius
181 1816 540 1937 infflientione
562 1813 837 1872 Thraciae
858 1814 995 1867 dicti
1032 1819 1161 1865 sunt
1192 1813 1517 1881 Istropolim
1557 1832 1642 1869 us·

55 1897 165 1950 que.
299 1885 368 1937 de
389 1885 534 1936 ostia
550 1884 697 1936 Istri.

114 1951 280 2006 Ortus
302 1955 392 2006 hic
414 1954 472 2004 in
495 1952 827 2005 Germaniae
845 1953 996 2019 iugis
1032 1951 1236 2004 montis
1252 1952 1532 2016 Abnobae,
1571 1969 1641 2008 ex

55 2020 270 2075 adverso
294 2022 522 2075 Raurici
543 2019 761 2074 Galliae
803 2022 1019 2088 oppidi,
1057 2022 1249 2077 multis
1287 2023 1437 2076 ultra
1474 2024 1641 2090 Alpes

54 2089 309 2155 millibus,
348 2107 414 2144 ac
454 2106 554 2157 per
588 2092 909 2143 innumeras
951 2090 1141 2158 lapsus
1172 2098 1367 2159 gentes
1390 2093 1640 2145 Danubii

55 2161 287 2225 nomine,
304 2164 574 2212 immenso
596 2171 862 2228 aquarum
887 2167 1073 2223 auctu,
1115 2168 1191 2224 et,
1234 2160 1380 2212 unde
1403 2162 1639 2227 primum

53 2223 324 2292 Illyricum
350 2230 528 2291 alluit,
550 2230 694 2281 Ister
715 2230 1049 2296 appellatus,
1069 2228 1362 2297 sexaginta
1383 2230 1639 2283 amnibus
1735 2231 1746 2238 “

55 2300 297 2363 receptis,
336 2299 517 2350 medio
538 2296 714 2350 ferme
737 2314 966 2350 numero
993 2313 1184 2349 eorum
1204 2298 1535 2366 navigabili,
1577 2302 1637 2352 in

53 2359 278 2418 Pontum
311 2370 484 2420 vastis
523 2382 621 2419 sex
661 2365 975 2418 fluminibus
1017 2366 1305 2418 evolvitur.
1363 2366 1636 2419 ‘Primum
1719 2389 1738 2394 -

56 2435 246 2486 ostIum
267 2436 500 2490 Peuces:
545 2451 677 2488 mox
699 2437 822 2506 ipsa
846 2436 1024 2486 Peuce
1046 2435 1245 2498 insula,
1268 2449 1302 2484 a
1323 2436 1431 2501 qua
1450 2439 1636 2503 proxi·
1656 2476 1678 2495 ,

53 2510 164 2552 mus
183 2504 369 2558 alveus
391 2505 723 2572 appellatus,
765 2504 900 2556 XIX
927 2504 1007 2555 Μ.
1038 2519 1183 2570 pass.
1207 2518 1409 2571 magna
1429 2505 1634 2572 palude

53 2570 314 2626 sorbetur.
369 2575 594 2627 -Eodem
618 2574 779 2626 alveo
817 2579 881 2626 et·
913 2588 1079 2639 super
1116 2573 1436 2638 Istropolim
1476 2575 1634 2627 lacus

57 2637 288 2706 gignitur
316 2644 495 2697 LXIII
525 2645 603 2696 M.
625 2658 769 2710 pass.
802 2641 1038 2696 ambituz
1073 2642 1373 2711 Halmyri‘n'
1411 2656 1632 2699 vocant.

641 2795 653 2804 ⁸
740 2797 769 2814 fi
