2009 3025
216 836 219 839 ,
318 791 580 854 Umbrae,
621 792 855 853 Nereae,
901 794 1200 854 Brancosi,
1240 791 1575 852 Nobundae,
1619 787 1927 846 Cocondae,

434 0 473 9 x

311 138 416 195 302
475 138 479 143 ·
714 135 774 187 c.
843 102 1119 189 PLiNn
1191 127 1561 189 snanm

257 291 260 297 ,
312 239 563 306 equitum
587 237 828 308 quinque
861 238 941 289 Μ.
967 236 1276 303 Pauper-ior
1297 234 1658 289 Charmarum
1680 249 1783 287 rex
1810 233 1909 289 ele-

309 309 552 376 phantos
573 309 693 370 Lx,
717 307 1021 375 parvasque
1045 307 1293 373 reliquas
1314 307 1464 359 vires
1487 305 1673 356 habet.
1746 304 1826 354 Ab
1853 303 1917 353 iis
1985 260 1991 345 Ι

311 393 449 446 gens
469 377 710 441 Pandae,
752 377 875 429 sola
896 377 1154 430 ludorum
1175 383 1418 442 regnata·
1432 375 1675 427 feminis.
1750 373 1915 423 Unam

312 446 549 501 Herculi
568 461 734 499 sexus
756 447 878 500 eius
901 447 1148 512 genitam
1173 443 1389 507 ferunt,
1427 447 1498 497 ob
1520 445 1690 509 idque
1713 440 1916 510 gratio-

310 531 450 577 rem,
472 515 770 583 praecipuo
806 529 986 581 regno
1008 514 1287 569 donatam.
1360 514 1442 566 Ab
1484 529 1553 565 ea
1590 512 1920 564 deducentes

317 585 590 651 originem
610 585 935 651 imperitant
960 585 1111 639 'CCC
1150 583 1390 653 oppidis,
1434 582 1680 649 peditum
1730 581 1821 632 CL
1850 578 1920 629 Μ.

318 653 632 723 elephantis
657 653 994 723 quingentis.
1067 652 1203 706 Post
1243 652 1387 703 hanc
1427 660 1808 703 trecentarum
1845 663 1925 698 ur·

316 724 469 777 bium
493 721 731 790 Syrieni‚
753 723 1069 790 Derangae,
1093 722 1383 788 Posingae,
1405 722 1621 784 Buzae,
1645 718 1925 787 Gogiarei,

317 862 503 922 Nesei,
524 861 865 931 Pedatrirac,
889 861 1263 922 Solobriasae,
1308 860 1571 920 Olostrae
1598 856 1833 910 Patalen
1853 858 1929 907 in·

310 932 503 984 sulam
525 932 908 998 attingentes:
958 947 993 982 a
1026 932 1183 982 cuius
1218 937 1471 982 extremo
1504 930 1688 979 litore
1718 927 1791 978 ad
1831 927 1926 976 Ca-

321 1001 472 1068 spias
491 1007 686 1066 portas
700 1002 970 1056 deciesac
986 1000 1179 1053 novies
1197 1006 1448 1062 centena,
1463 1005 1519 1049 et
1539 995 1701 1050 XXV
1721 998 1800 1048 M.
1811 1009 1927 1062 pro-

319 1071 546 1123 duntur.
1088 1093 1091 1097 v

335 1190 338 1196 Δ
387 1138 538 1190 Hinc
560 1138 762 1190 deinde
782 1137 1252 1191 accoluntlndum
1272 1137 1561 1190 adversum
1578 1132 1925 1195 evidentide-

318 1206 727 1260 monstratione
749 1210 999 1268 Amatae,
1021 1207 1312 1276 Bolingae,
1338 1206 1730 1266 Gallitalutae,
1748 1204 1929 1255 Dimu-

317 1275 388 1337 ri,
417 1276 654 1342 Megari,
678 1277 952 1338 Ordabae,
973 1277 1185 1327 Mesae.
1223 1277 1307 1331 Ab
1329 1276 1415 1326 his
1441 1276 1553 1336 Uri,
1578 1273 1784 1326 Sileni:
1807 1285 1930 1323 mox

318 1344 543 1398 deserta
576 1347 635 1398 in
676 1346 811 1396 CCL
853 1347 930 1397 Μ.
967 1359 1251 1410 passuum.
1325 1344 1537 1406 Quibus
1583 1341 1928 1411 exsuperatis

319 1416 667 1482 Organagae,
693 1417 985 1477 Aliam-tae,
1011 1413 1262 1474 Sibarae,
1284 1412 1555 1481 Suertae:
1588 1420 1646 1466 et
1670 1414 1832 1465 abiis
1855 1425 1933 1461 so·

252 1486 275 1528 a*
315 1485 584 1538 litudines
611 1484 889 1550 prioribus
910 1498 1091 1550 pares.
1143 1483 1291 1537 Dein
1313 1482 1688 1553 SarophageS,
1712 1481 1935 1548 Sorgae‚

252 1605 257 1608 ,
317 1554 710 1615 Baraomatae,
749 1554 1191 1621 Umbrittaeque,
1230 1568 1465 1622 quorum
1511 1554 1617 1608 ΧΠ
1657 1555 1935 1613 nationes,

317 1624 660 1691 singulisque
683 1623 845 1675 binae
867 1624 1049 1674 urbes.
1079 1624 1244 1674 Aseni
1265 1624 1437 1678 trium
1458 1624 1680 1675 urbium
1705 1622 1935 1674 incolae.

319 1694 497 1759 Caput
521 1708 711 1744 eorum
734 1691 1071 1759 Bucephala,
1107 1691 1414 1744 ‘Alexandri
1452 1694 1600 1761 regis
1642 1709 1795 1759 equo
1835 1692 1938 1754 (cui

317 1761 504 1813 fuerat
525 1761 632 1816 hoc
654 1768 883 1825 nomen)
921 1762 1004 1814 ibi
1038 1762 1261 1826 sepulto
1294 1764 1603 1816 conditum.
1678 1762 1937 1813 Montani

318 1846 486 1897 super
502 1830 603 1882 hos
619 1834 865 1884 Caucaso
881 1832 1135 1893 subiecti,
1148 1829 1439 1894 Soleadae3
1455 1833 1737 1885 Sondrae:
1762 1838 1940 1883 trans·

282 1911 287 1914 '
317 1899 635 1966 gressisque
654 1901 868 1963 Indum,
913 1907 970 1953 et
990 1916 1111 1952 cum
1137 1916 1206 1951 eo
1226 1902 1652 1955 decurrentibus
1679 1900 1940 1954 Samara·

317 1969 507 2031 briae,
548 1969 912 2022 Sambruceni
934 2006 951 2032 ,
990 1970 1367 2025 Bisambritae
1386 2008 1402 2035 ,
1442 1972 1567 2025 Osii
1587 2008 1611 2035 ,.
1650 1971 1936 2030 Antixeni,

315 2038 594 2099 Taxillae,
619 2053 741 2092 cum
763 2040 900 2093 urbe
924 2038 1268 2101 celebri,iam
1292 2044 1347 2095 in
1369 2041 1536 2109 plana
1555 2041 1812 2094 demisso
1833 2047 1937 2092 tra-

300 2113 431 2168 ctu,
473 2108 561 2158 cui
586 2106 842 2170 universo
866 2124 1063 2160 nomen
1085 2110 1385 2163 Amandae.
1455 2110 1659 2178 Populi
1681 2119 1938 2179 quatuor,

314 2176 693 2236 Peucolaitae‚
715 2178 1083 2247 Arsagalitae,
1108 2178 1367 2243 Geretae,
1388 2182 1539 2234 Asoi.

388 2246 610 2295 Etenim
633 2245 882 2311 plerique
907 2248 975 2297 ab
998 2247 1294 2302 occidente
1325 2249 1593 2301 noando
1625 2265 1802 2302 amne
1846 2248 1938 2300 de-

315 2313 649 2374 terminant,
688 2315 787 2365 sed
814 2314 1088 2366 adiiciunt
1112 2324 1353 2383 quatuor
1371 2322 1675 2385 satrapias,
1722 2318 1941 2370 Gedro-

311 2396 427 2446 sos,
470 2382 795 2450 Arae-botas,
837 2385 1021 2448 Arios,
1061 2385 1544 2452 Paropamisadas,
1587 2390 1798 2440 ultimo
1836 2388 1942 2436 fine

315 2448 562 2516 Cophete
582 2452 754 2504 ‘fluvio
779 2470 792 2503 :
837 2468 977 2519 quae
1004 2455 1191 2508 onmia
1212 2457 1468 2508 Ariorum
1497 2460 1639 2519 esse,
1661 2459 1796 2510 aliis
1823 2456 1940 2523 pla·

293 2525 420 2571 *cet.
492 2521 606 2574 Nec
627 2537 737 2573 non
770 2528 827 2573 et
846 2521 1062 2588 Nysam
1093 2526 1287 2578 urbem
1317 2527 1569 2593 plerique
1603 2525 1803 2578 lnd'iae
1849 2524 1941 2576 ad·

313 2588 579 2650 scribunt,
604 2597 956 2657 montemque
978 2591 1225 2655 Merum,
1269 2595 1475 2647 Libero
1498 2596 1652 2648 Patri
1676 2591 1910 2648 sacrum

313 2657 463 2712 unde
488 2659 648 2723 origo
669 2657 1084 2723 fabulae,10vis
1104 2660 1314 2717 femine
1339 2663 1583 2718 editumae
1606 2665 1758 2718 Item
1780 2665 1937 2718 Asta-

1581 2817 1608 2836 d·
