2009 3025
315 151 419 205 200
481 179 490 192 =
714 153 771 210 C·
843 151 1114 208 Phlml
1184 151 1552 206 sE'cuNm

318 257 577 310 cernitur.
625 255 1023 326 Navigantium
1058 255 1195 308 haec
1224 258 1466 308 maxime
1487 270 1681 308 cursus
1723 256 1914 323 depre·
1986 281 1987 286 κ

313 325 583 389 hendunt,
624 330 681 377 in
723 327 837 378 alia
873 325 1123 387 adverso,
1146 327 1201 375 in
1225 325 1340 375 alia
1361 340 1533 392 prono
1557 326 1734 377 mari:
1775 325 1915 378 subi·

316 401 488 462 toque
530 397 857 462 conspicuis,
905 400 1072 461 atque
1113 400 1179 444 ut
1219 407 1250 444 e
1290 392 1438 445 freto
1480 394 1917 460 emergentibus,
1988 435 1989 466 ἶ

315 479 461 532 quae
501 463 558 515 in
605 464 858 517 anfmctu
903 464 1053 531 pilae
1093 463 1329 524 latuere,
1370 463 1665 515 sideribus.
1850 477 1917 514 ue

314 533 461 586 enim
502 537 587 595 (ut
608 532 800 587 dixere
822 533 1018 599 aliqui)
1060 532 1293 583 mundus
1333 530 1440 583 hoc
1461 532 1590 598 polo
1613 546 1681 584 ex
1800 533 1919 588 'ore
1990 593 1991 596 Ἴ

314 616 377 653 se
418 602 664 653 attollit:
706 609 803 654 aut
846 603 1088 667 undique
1130 607 1488 652 cernerentur
1526 599 1664 651 haec
1702 600 1918 651 sidera:

314 684 507 721 verum
551 670 688 723 haec
717 670 909 723 eadem
949 672 1252 737 quibusque
1289 669 1560 735 proximis
1593 669 1925 721 sublimiora

318 739 647 791 creduntur:
708 741 1012 806 eademque
1045 739 1302 790 demersa
1337 738 1685 805 longinquis:
1750 744 1920 804 utque
1992 791 1993 794 ,

316 824 464 859 nunc
497 809 753 860 sublimis
784 810 844 859 in
878 809 1099 860 deiectu
1136 807 1333 872 positis
1353 807 1577 858 videtur
1595 804 1687 859 hic
1704 813 1922 869 vertex,

318 877 577 929 siciliam
598 884 784 931 terrae
806 877 1175 930 devexitatem
1210 876 1602 944 transgressisr
1633 875 1734 927 illa
1763 890 1827 927 se
1848 882 1925 927 at-

318 945 546 1009 tollunt,
584 948 956 1000 residentibus
979 962 1122 1013 quae
1142 945 1235 997 bic
1254 946 1476 997 excelsa
1497 944 1748 997 fuerant:
1776 943 1924 1011 quod
1994 1005 1995 1016 γ

317 1015 431 1065 nisi
451 1016 509 1065 in
533 1013 711 1082 figura
731 1017 899 1083 pilae,
929 1015 1184 1067 accidere
1214 1030 1321 1065 non
1366 1019 1570 1080 posset.
1994 1019 1995 1026 ’

394 1084 617 1135 Lxxu.
656 1086 902 1151 Ideoque
935 1085 1198 1136 defectus·
1211 1082 1358 1135 Solis
1385 1099 1450 1134 ac
1472 1082 1661 1135 Lunae
1693 1097 1919 1149 vesper·

321 1153 473 1203 tinos
498 1152 734 1203 orientis
773 1153 991 1204 incolae
1021 1167 1129 1203 non
1171 1152 1445 1204 sentiunt:
1487 1168 1587 1203 nec
1619 1153 1922 1203 matutinos
1996 1203 1997 1220 ἶ

323 1220 398 1270 ad
440 1234 699 1277 occasum
742 1219 1083 1273 habitantes:
1138 1221 1475 1290 meridianos
1518 1235 1650 1272 vero
1678 1217 1922 1288 saepius.
1996 1229 1997 1234 ’

323 1288 519 1340 Nobili
540 1290 684 1356 apud
705 1291 962 1342 Arabiam
984 1291 1179 1357 Magni
1201 1290 1495 1342 Alexandri
1517 1290 1771 1350 victoria,
1812 1290 1922 1341 Lu·

322 1374 402 1412 na
415 1357 685 1411 defecisse
708 1360 894 1411 noctis
911 1359 1154 1412 secunda
1175 1358 1313 1411 hora
1333 1359 1555 1426 prodita
1574 1365 1681 1410 est:
1706 1357 1926 1411 eadem·

223 1463 232 1470 -
325 1443 431 1493 que
453 1428 510 1477 in
532 1427 730 1480 Sicilia
750 1430 1033 1481 exoriens,
1065 1428 1214 1480 Solis
1249 1428 1557 1491 defectumf
1581 1427 1854 1494 Vipsanio
1875 1432 1931 1479 et
1998 1429 1999 1466 ἶ

322 1497 562 1550 Fonteio
586 1499 746 1552 Coss.
768 1500 865 1567 qui
905 1497 1064 1551 fuere
1100 1504 1228 1550 ante
1247 1514 1453 1565 paucos
1490 1513 1695 1557 annos,
1720 1496 1930 1549 factum

324 1567 510 1634 pridie
551 1568 833 1621 Kalendas
873 1570 1073 1631 Maias,
1114 1569 1418 1637 Campania
1454 1566 1594 1618 hora
1628 1566 1748 1618 diei
1782 1566 1931 1619 inter

277 1654 290 1659 “
325 1637 617 1702 septimam
661 1646 720 1691 et
754 1646 1005 1692 octavam
1047 1639 1247 1689 sensitt
1301 1637 1543 1689 Corbulo
1580 1635 1697 1687 dux
1732 1638 1793 1687 in
1835 1635 1929 1687 Ar·

324 1706 513 1757 menia
551 1706 698 1759 inter
719 1707 908 1760 boram
934 1708 1049 1760 diei
1069 1706 1337 1758 decimam
1357 1713 1415 1759 et
1437 1705 1786 1758 undecimam
1808 1712 1933 1771 prd-

326 1774 475 1825 didit
511 1775 705 1840 risum,
746 1778 983 1828 circuitu
1007 1776 1162 1845 globi
1185 1777 1296 1828 alia
1317 1782 1374 1828 et
1403 1776 1533 1828 aliis
1558 1775 1859 1842 detegente
1876 1780 1933 1826 et

330 1843 663 1896 occultante.
711 1845 869 1906 Quod
904 1847 954 1896 si
994 1846 1160 1911 plana
1180 1851 1329 1897 esset
1351 1851 1520 1907 terra,
1557 1845 1726 1895 simul
1744 1842 1933 1897 omnia

328 1920 665 1977 apparerent
702 1914 936 1976 cunctis,
963 1921 1277 1980 noctesque
1317 1929 1426 1964 non
1447 1915 1929 1978 fierentinaequa·

321 1976 441 2032 Ies:
472 1995 595 2031 nam
611 1996 786 2048 aeque
806 1982 950 2042 aliis,
969 1997 1130 2048 quam
1156 1983 1212 2032 in
1236 1982 1421 2034 medio
1445 1983 1591 2049 sitis,
1613 1982 1773 2047 paria
1796 1980 1933 2031 duo-

328 2050 509 2102 decim
532 2049 791 2102 horarum
818 2052 1112 2103 intervalla
1137 2057 1517 2112 cernerentur,
1541 2064 1683 2119 quae
1705 2064 1855 2103 nunc
1874 2048 1934 2100 iu

327 2122 477 2185 omni
502 2126 660 2185 parte
684 2118 855 2169 simili
889 2120 1053 2170 modo
1089 2125 1417 2188 congruunt.
1639 2131 1653 2139 ·

395 2188 644 2239 Lxxui.
685 2187 822 2240 Ideo
859 2203 960 2240 nec
984 2203 1095 2239 nox
1128 2188 1359 2255 diesque
1378 2187 1608 2255 quaevis
1631 2184 1833 2238 eadem
1849 2191 1937 2237 to-

265 2314 274 2319 „
321 2262 385 2307 to
409 2257 545 2308 orbe
565 2256 731 2308 simul
767 2263 877 2320 est,
917 2260 1180 2325 oppositu
1218 2257 1376 2326 globi
1398 2263 1638 2317 noctem,
1676 2261 1778 2307 aut
1813 2268 1934 2307 an·

320 2326 445 2381 bitu
481 2324 631 2378 diem
647 2324 957 2395 afferente.
1013 2326 1212 2378 Multis
1254 2326 1360 2377 hoc
1391 2326 1676 2392 cognitum
1718 2324 1939 2391 experi-

326 2393 543 2445 mentis.
595 2394 656 2444 ln
696 2394 886 2449 Africa
914 2395 1312 2462 Hispaniaque,
1355 2394 1616 2446 'l'urrium
1651 2393 1939 2446 Hanniba-

326 2460 432 2522 lis;
466 2461 524 2510 in
566 2464 699 2516 Asia
736 2480 868 2516 vero
889 2472 1118 2531 propter
1141 2465 1410 2529 piraticos
1432 2471 1700 2525 terrores,
1759 2462 1946 2515 simili

326 2529 675 2593 specularum
732 2533 1012 2600 praesidio
1049 2536 1326 2587 excitato:
1373 2534 1433 2584 in
1471 2533 1631 2600 queis
1661 2547 1943 2599 praenun-

325 2597 570 2649 tiativos·
588 2603 744 2669 ignes
782 2609 948 2653 sexta
970 2601 1109 2652 bora
1132 2602 1248 2653 diei
1272 2607 1556 2662 accensae,
1591 2617 1768 2668 saepe
1788 2617 1944 2656 com·

325 2673 543 2733 perium
568 2679 669 2733 est,
694 2673 861 2727 tertia
884 2672 1067 2725 noctis
1087 2685 1123 2723 a
1144 2676 1305 2739 tergo
1329 2670 1546 2724 ultimis
1566 2671 1739 2724 visos.
1768 2671 1941 2723 Eius·
