2009 3025
161 131 843 197 Numams‘ron.
905 133 1072 191 LIB.
1111 133 1487 190 11.1o5.106.
1562 90 1663 189 215

136 232 294 286 Nihil
327 236 382 284 in
406 233 713 302 Asphaltite
733 237 966 290 Iudaeae
1002 236 1149 299 lacu,
1193 236 1292 303 qui
1313 238 1556 291 bitumen
1579 239 1667 306 gi·

62 303 208 371 gnit,
250 304 429 368 mergi
449 310 651 368 potest,
674 305 847 356 necin
864 306 1155 357 Armeniae
1178 306 1406 356 maioris
1426 305 1657 357 Arethu-

64 387 156 423 sa:
177 373 229 421 is
254 373 473 438 quidem
499 373 740 423 nitrosus
761 373 941 438 pisces
962 375 1082 426 alit.
1118 375 1180 425 In
1202 371 1482 424 Salentino
1506 375 1664 426 iuxta

64 439 330 506 oppidum
352 442 705 493 Manduriam
744 442 896 493 lacus
918 442 986 492 ad
1029 441 1310 510 margines
1331 442 1544 506 plenus,
1567 458 1660 493 ne-

64 525 172 576 que
198 508 482 577 exhaustis
507 509 662 577 aquis
684 511 966 575 minuitur,
990 525 1165 577 neque
1184 509 1388 561 infusis
1411 516 1663 576 augetur.

63 580 128 629 ln
156 577 414 641 Ciconum
438 578 680 640 flumine,
701 580 835 631 etin
857 580 1059 631 Piceno
1081 580 1208 630 lacu
1228 577 1429 630 Velino
1452 578 1662 646 lignum

69 644 367 708 deiectum,
390 647 612 713 lapideo
637 649 840 717 cortice
856 648 1177 700 obducitur:
1203 653 1259 698 et
1277 642 1335 698 in
1356 646 1519 698 Surio
1545 648 1666 697 Col-

72 713 251 766 chidis
282 713 521 779 flumine,
564 717 705 770 adeo
739 723 801 768 ut
831 717 1072 783 lapidem
1106 718 1427 783 plerumque
1461 717 1664 767 durans

71 783 255 836 adhuc
274 786 486 853 integat
507 791 718 838 certet.
755 787 1030 841 Similiter
1049 789 1103 836 in
1119 785 1328 846 Silam,
1366 785 1514 835 ultra
1532 783 1661 835 Sur·

70 855 307 916 rentum,
338 869 449 904 non
470 855 718 923 virgulta
739 856 904 907 modo
927 858 1205 919 immersa,
1235 868 1425 909 verum
1452 859 1510 906 et
1529 853 1667 905 folia

68 922 441 987 lapidescunt,
473 925 609 976 alias
650 925 858 976 salubri
881 932 1021 991 potu
1052 926 1172 976 eius
1195 937 1390 989 aquae.
1427 923 1485 973 ln
1511 922 1665 974 exitu

67 992 292 1057 paludis
329 991 595 1044 Reatinae
633 1009 827 1045 saxum
866 996 1082 1045 crescit.
1139 994 1210 1043 Et
1233 994 1291 1042 in
1314 992 1502 1045 Rubro
1524 993 1667 1043 mari

67 1060 247 1120 oleae,
289 1061 640 1130 virentesque
668 1063 898 1115 frutices
922 1069 1267 1115 enascuntur.
1403 1066 1414 1082 ⁸

141 1128 251 1180 Sed
273 1135 329 1181 et
348 1129 587 1183 fontium
607 1132 968 1200 plurimorum
992 1138 1197 1184 natura
1218 1131 1356 1182 mira
1373 1134 1460 1182 est
1481 1127 1664 1180 fervo-

62 1212 149 1249 re.
186 1197 359 1264 quue
378 1201 545 1251 etiam
565 1203 788 1270 in-iugis
808 1203 1044 1268 Alpium,
1084 1202 1316 1268 ipsoque
1338 1202 1392 1249 in
1418 1199 1554 1249 mari
1581 1200 1664 1249 in-

62 1275 161 1317 ter
182 1267 404 1318 ltaliam
423 1276 485 1321 et
500 1272 816 1335 Aenariam,
855 1278 918 1322 ut
938 1272 994 1321 in
1018 1271 1230 1321 Baiano
1254 1271 1393 1330 sinu,
1417 1275 1473 1319 et
1491 1269 1551 1319 in
1572 1266 1663 1318 Li-

61 1337 122 1387 ri
143 1333 336 1395 fluvio,
359 1337 655 1404 multisque
676 1340 820 1390 aliis.
854 1341 992 1391 Nam
1015 1340 1193 1393 dulcis
1215 1337 1447 1387 haustus
1471 1337 1524 1386 in
1552 1352 1664 1388 ma-

56 1406 117 1456 ri
141 1403 403 1466 plurimis
420 1404 588 1468 locis;
628 1416 689 1456 ut
704 1406 781 1457 'ad
806 1407 1160 1459 Chelidonias
1180 1405 1410 1465 insulas,
1453 1411 1509 1454 et
1525 1405 1663 1453 Ara-

62 1473 228 1533 dum,
255 1475 311 1521 et
331 1470 388 1520 in
412 1472 683 1525 Gaditano
707 1475 946 1526 Oceano.
971 1473 1379 1540 ,Patavinorum
1404 1471 1560 1539 aquis
1584 1488 1667 1523 ca-

60 1540 204 1594 lidis
227 1537 431 1592 herbae
454 1543 696 1595 virentes
715 1539 1099 1595 innascuntur:
1129 1543 1455 1594 Pisanorum
1474 1556 1666 1592 ranae:

65 1610 144 1678 affl
169 1606 506 1672 Vetulonios
543 1611 598 1674 in
637 1613 866 1664 Etruria
904 1627 1013 1662 non
1048 1609 1243 1678 ssrocul
1265 1624 1299 1659 a
1320 1609 1457 1659 mari
1478 1610 1670 1674 pisces,

64 1682 135 1733 ln
161 1677 423 1730 Casinate
445 1679 645 1732 fluvius
667 1680 980 1746 appellatur
1003 1678 1287 1738 Scatebra,
1306 1676 1558 1744 frigidus,
1581 1679 1671 1729 ab·
1701 1723 1716 1732 .

67 1746 377 1799 undantior
397 1749 625 1802 aestate.
683 1751 743 1801 In
768 1765 854 1812 eo,
883 1750 1027 1816 utin
1049 1746 1321 1802 Arcadiae
1335 1743 1671 1811 Stymphali,

65 1823 415 1863 anast-untur
434 1816 711 1875 aquatiles
732 1818 987 1862 musculi.
1015 1859 1019 1863 .
1042 1819 1108 1866 in
1126 1814 1363 1865 Dodone
1381 1814 1529 1864 lovis
1549 1812 1671 1862 fons

75 1881 201 1926 eum
222 1878 299 1925 sit
315 1877 553 1944 gelidus,
585 1884 643 1929 et
662 1881 949 1931 immersas
971 1878 1124 1931 faces
1148 1877 1486 1944 exstinguat,
1512 1881 1559 1929 si
1582 1894 1673 1930 ex·-

72 1943 314 1995 stinctae
333 1946 746 2009 admoveantur,
785 1948 1054 1999 accendit.
1088 1946 1239 1997 Idem
1263 1948 1497 2002 meridie
1526 1963 1669 1999 sem·

70 2026 173 2080 per
197 2011 411 2078 deficit5
436 2030 541 2080 qua
565 2015 633 2067 de
655 2031 824 2067 causa
837 2013 1252 2078 Ἀναπαυόμενον
1280 2023 1496 2069 vocant.
1534 2016 1671 2068 Mox
1767 2056 1772 2060 .

68 2082 386 2134 increscens
409 2083 480 2134 ad
502 2083 744 2135 medium
768 2084 951 2135 noctis
973 2084 1266 2146 exuberat:
1301 2085 1370 2135 ab
1392 2100 1458 2137 eo
1479 2099 1669 2135 rursus

14 2213 21 2217 ἢ
73 2150 279 2201 sensim
304 2150 507 2220 deficit.
541 2154 606 2206 lu
628 2153 838 2219 illyriis
861 2167 1033 2219 supra
1052 2150 1261 2203 fontem
1286 2152 1547 2219 frigidum
1572 2168 1666 2205 ex·

71 2231 283 2283 pansae
298 2225 479 2271 vestes
494 2221 891 2286 accenduntur,
904 2221 1052 2276 Iovis
1063 2221 1395 2273 Hammonis
1410 2228 1666 2289 stagnum
1705 2254 1710 2258 -

64 2288 315 2338 interdiu
354 2288 635 2354 frigidum,
678 2290 933 2342 noctibus
973 2288 1171 2342 fervet.
1194 2288 1267 2355 ‚ln
1300 2290 1669 2359 Troglodytis

70 2357 198 2409 fons
222 2355 371 2409 Solis
394 2358 706 2424 appellatur
726 2358 925 2420 dulcis,
952 2360 1102 2409 circa
1122 2357 1407 2409 meridiem
1431 2360 1669 2412 maxime

70 2424 353 2492 frigidus:
396 2440 528 2477 mox
557 2428 823 2493 paulatim
842 2432 1147 2492 tepescens,
1191 2426 1263 2480 ad
1282 2429 1461 2496 noctis
1485 2427 1671 2492 media

72 2493 295 2546 fervore
321 2499 378 2544 et
398 2493 766 2550 amaritudine
786 2493 1100 2546 infestatur.

141 2561 282 2629 Padi
327 2563 453 2614 fons
493 2564 688 2615 mediis
733 2564 927 2616 diebus
949 2561 1173 2613 aestivis
1192 2561 1348 2615 velut
1366 2563 1687 2631 interquioe

73 2647 234 2685 scens
263 2646 480 2701 semper
510 2644 648 2700 aret.
701 2633 764 2686 ln
785 2629 1012 2687 Tenedo
1040 2630 1222 2683 insula
1242 2628 1382 2693 fons,
1401 2646 1617 2698 semper
1639 2646 1674 2682 a
