2009 3025
308 84 417 141 194
708 87 767 137 C.
843 83 1118 137 P1.1N11
1189 81 1587 174 sii-:cumn

310 191 361 243 ti
405 188 558 242 orbis
599 188 837 241 efficiat:
879 188 934 239 id
969 186 1117 253 quod
1150 187 1274 254 ipsa
1308 199 1496 238 rerum
1515 192 1749 256 naturae
1775 187 1911 254 cogit

310 261 480 321 ratio,
523 275 634 311 non
673 259 878 311 eisdem
921 256 1126 319 causis,
1166 272 1302 323 quas
1338 256 1630 308 attulimus
1663 259 1719 307 in
1745 259 1913 309 caelo·

314 329 570 395 Namque
589 329 648 381 in
668 328 768 378 illo
793 341 929 379 cava
951 328 1010 376 in
1030 341 1091 377 se
1121 325 1451 378 convexitas
1471 325 1685 392 vergit,
1720 332 1781 378 et
1811 339 1917 378 car·

315 398 428 449 dini
447 412 570 460 suo,
591 396 717 459 ,hoc
746 401 849 459 est,
878 402 1084 458 terrae,
1125 395 1367 461 undique
1396 394 1700 461 ⁴incumbit.
1753 395 1917 457 Haec,
1974 423 1975 446 ;

314 475 382 520 ut
407 467 595 522 solida
613 472 783 535 atque
827 464 1096 526 conferta,
1140 465 1399 531 assurgit,
1439 464 1834 518 intumescenti
1859 467 1916 515 si·

315 537 494 599 milis,
554 542 824 605 extraque
864 534 1235 602 protenditur.
1291 534 1534 585 Mundus
1574 534 1635 585 in
1675 540 1917 586 centrum
1976 569 1977 572 κ

316 608 527 673 vergit:
561 611 632 657 -at
664 613 817 657 terra
839 605 957 655 exit
987 619 1022 654 a
1042 610 1267 664 centro,
1311 605 1637 655 immensum
1664 604 1784 654 eius
1796 602 1915 671 glo·

319 677 451 728 bum
471 676 530 727 in
551 673 788 728 formam
814 674 963 726 orbis
987 673 1215 726 assidua
1237 674 1384 725 circa
1422 688 1545 728 eam
1568 671 1760 724 mundi
1778 672 1919 724 volu-

317 745 544 797 bilitate
566 749 823 811 cogente.

391 813 566 867 LXV.
601 815 803 883 Ingens
826 812 920 865 hic
940 826 1127 888 pugna
1145 809 1459 873 literarum,
1490 817 1798 878 contraque
1814 809 1922 861 vul·

321 885 408 953 gie
448 883 1034 941 circumfunditerrae
1068 882 1312 948 undique
1336 881 1604 942 homines,
1624 881 1919 932 conversis-
1980 893 1981 898 ¹

307 970 429 1021 ,que
459 957 605 1007 inter
642 970 705 1007 se
736 952 967 1021 pedibus
999 956 1172 1014 stare,
1215 958 1272 1001 et
1306 951 1518 1002 cunctis
1546 950 1787 1001 similem
1810 964 1920 1003 esse

322 1024 467 1075 caeli
486 1023 749 1076 verticem
770 1059 786 1087 ,
829 1038 897 1075 ac
919 1020 1100 1073 simili
1131 1021 1299 1071 modo
1324 1035 1399 1072 ex
1423 1034 1747 1088 quacunque
1770 1025 1919 1086 parte

320 1092 567 1144 mediam
598 1093 833 1144 calcari:
876 1092 980 1143 illo
1004 1097 1310 1157 quaerente
1333 1124 1348 1151 ‚
1391 1105 1492 1142 cur
1529 1104 1640 1141 non
1672 1089 1921 1141 decidant

324 1169 521 1213 contra
558 1161 681 1224 siti3
721 1163 988 1227 tanquam
1030 1175 1141 1211 non
1167 1159 1316 1212 ratio
1337 1165 1560 1226 praesto
1584 1159 1686 1222 sit,
1724 1165 1790 1210 ut
1827 1172 1920 1210 nos

323 1244 436 1281 non
480 1230 735 1283 decidere
775 1230 1046 1281 mirentur
1085 1230 1189 1281 illi.
1268 1229 1574 1281 Intervenit
1616 1225 1921 1289 sententia,
1984 1225 1985 1234 ’

326 1299 579 1367 quamvis
601 1300 826 1351 indocili
849 1299 1154 1366 probabilis
1174 1299 1399 1365 turbae,
1440 1299 1724 1366 inaequali
1745 1299 1921 1367 globo,

323 1368 451 1420 utsi
465 1370 541 1421 sit
556 1369 732 1435 ligura
756 1370 948 1436 pineae
968 1368 1521 1431 nucis‚nihilominus
1544 1376 1751 1421 terram
1772 1367 1921 1422 uuiti·
1986 1409 1987 1420 ,

326 1452 435 1505 que
474 1438 662 1490 incoli.
720 1438 830 1492 Sed
860 1438 993 1506 quid
1036 1435 1147 1489 hoc
1166 1437 1345 1490 refert
1364 1438 1480 1490 alio
1503 1439 1778 1490 miraculo
1799 1433 1922 1489 ex'o·

322 1507 553 1561 riente‘ss
594 1510 836 1576 pendere
874 1509 1080 1576 ipsam,
1121 1525 1188 1561 ac
1226 1525 1336 1561 non
1375 1509 1574 1561 cadere
1616 1508 1926 1562 nobiscum:

325 1592 427 1630 ceu
470 1579 695 1646 spiritus
734 1580 848 1642 vis,
890 1578 1098 1632 mundo
1140 1580 1469 1645 praesertim
1505 1578 1726 1641 inclusi,
1771 1575 1925 1630 dubia

324 1647 434 1700 sit:
483 1655 583 1701 aut
620 1650 801 1716 possit
839 1648 1056 1713 cadere,
1100 1654 1302 1705 natura
1341 1655 1707 1718 repugnante,
1751 1654 1806 1699 et
1827 1659 1925 1714 quo
1988 1710 1989 1715 ἵ

327 1718 523 1780 cadat,
565 1725 823 1787 negante.
880 1718 1213 1772 Nam-sicut
1250 1720 1464 1785 ignium
1506 1718 1671 1771 sedes
1702 1732 1809 1768 non
1850 1719 1928 1767 est

324 1787 440 1840 nisi
460 1788 516 1838 in
538 1788 773 1855 ignibus,
814 1802 1079 1855 aquarum
1116 1788 1229 1843 nisi
1267 1788 1324 1851 in
1365 1788 1541 1855 aquis,
1586 1788 1814 1855 spiritus
1848 1782 1924 1836 ni·

325 1857 377 1907 si
402 1855 456 1905 in
501 1857 739 1922 spiritu:
781 1855 864 1909 ita
883 1860 1090 1919 terrae,
1133 1858 1450 1925 arcentibus
1475 1859 1708 1920 cunetis,
1749 1852 1927 1908 nisiin

324 1940 407 1988 se,
446 1924 601 1977 locus
634 1942 744 1977 non
775 1933 891 1980 est.
928 1927 1175 1979 Globum
1216 1935 1404 1980 tamen
1429 1926 1572 1979 effici
1611 1927 1814 1979 mirum
1833 1929 1926 1985 est,

323 1995 386 2047 in
408 1995 1039 2063 tanta‘planitiemaris,
1080 2012 1526 2064 camporumque.
1586 1997 1925 2049 Cuisenten-

323 2065 444 2117 tiae
484 2060 644 2118 adest
672 2064 1070 2129 Dicaearchus,
1109 2065 1194 2116 vir
1235 2070 1290 2118 in
1325 2069 1520 2133 primis
1542 2066 1814 2126 cruditus,
1847 2076 1929 2117 ru·-

325 2149 456 2201 gum
481 2149 616 2188 cura
679 2148 959 2185 ermensus
998 2143 1248 2198 montes,
1291 2151 1359 2187 ex
1383 2137 1580 2205 quibus
1604 2134 1928 2187 altissimum

322 2201 580 2269 prodidit
667 2202 838 2267 elion,
883 2203 1084 2256 Mch
1126 2220 1404 2272 passuum,
1445 2206 1669 2256 ratione
1707 2214 1928 2273 perpen-

324 2272 515 2334 diculi,
556 2271 765 2323 nullam
790 2288 913 2326 esse
946 2288 1070 2326 eam
1093 2274 1405 2341 portionem
1427 2276 1725 2327 universae
1747 2276 1928 2325 rotun·

325 2337 524 2392 ditatis
563 2340 847 2408 colligens.
901 2342 1048 2395 Mihi
1087 2343 1305 2396 incerta
1353 2343 1491 2396 haec
1510 2343 1736 2396 videtur
1756 2338 1929 2395 conie-

324 2408 521 2469 ctatio,
561 2407 710 2461 haud
748 2413 946 2479 ignaro
981 2412 1251 2480 quosdam
1282 2411 1499 2480 Alpium
1519 2414 1782 2473 vertices,
1816 2408 1923 2462 lou·

323 2491 399 2546 go
423 2481 626 2540 tractu,
664 2494 766 2532 nec
804 2482 1060 2535 breviore
1092 2483 1500 2549 quinquaginta
1539 2481 1788 2534 millibus
1815 2490 1929 2546 pas-

326 2559 484 2599 suum
529 2561 837 2616 assurgere.
910 2550 1026 2604 Sed
1065 2550 1233 2617 vulgo
1281 2553 1531 2603 maxima
1569 2550 1713 2603 haec
1753 2556 1928 2617 pugna

325 2620 430 2677 est,
474 2613 528 2667 si
568 2624 819 2673 coactam
853 2619 915 2673 in
937 2619 1203 2675 verticem
1227 2634 1498 2690 aquarum
1540 2634 1763 2690 quoque
1805 2618 1927 2686 ngu-

637 2810 656 2849 ·
776 2827 780 2831 .
841 2802 888 2827 Π
