2009 3025
287 104 970 172 NATUR2H18T0R.
1030 104 1190 159 LIB.
1244 108 1328 160 11.
1368 105 1419 159 5.
1548 101 1644 156 155

58 213 248 269 noxiae
286 225 474 262 snmus
511 209 700 272 sortis,
745 214 808 260 ut
837 207 970 262 Sors
990 207 1119 274 ipsa
1139 221 1239 272 pro
1257 206 1380 260 Deo
1415 205 1521 269 sit,
1541 218 1647 271 qua

54 281 202 335 Deus
225 280 498 347 probatur
518 279 780 347 incertus.
1450 310 1463 321 x

116 350 255 401 Pars
299 348 417 400 alia
444 351 501 399 et
524 347 666 398 lianc
686 347 864 412 pellit,
904 350 1164 411 astroque
1186 358 1289 395 suo
1312 347 1539 394 eventus
1558 355 1642 405 as,-

59 423 258 486 signat,
280 414 553 468 nascendi
574 415 806 483 legibus:
830 414 1116 481 semelque
1137 415 1195 464 in
1217 426 1406 463 omnes
1429 409 1648 460 futuros

61 501 291 554 unquam
316 486 441 551 Deo
470 483 775 535 decretum:
815 485 874 534 in
895 483 995 534 reli
1038 498 1164 532 uum
1185 495 1317 534 vero
1353 480 1525 530 otium
1550 475 1646 525 da·
1746 520 1753 535 J

58 564 184 609 tum..
247 553 459 606 Sedere
500 556 684 619 coepit
724 552 999 604 sententia
1044 550 1197 612 haec,
1234 549 1554 616 pariterque
1595 548 1653 593 et

63 623 334 677 eruditum
362 621 576 686 vulgus,
618 627 673 673 et
710 621 921 672 rudein
942 634 1063 672 eam
1089 633 1251 670 cursu
1280 615 1449 669 vadit.
1508 612 1652 665 Ecce

61 690 341 759 fulgurum
365 690 622 751 monitus,
644 688 993 741 oraculorum
1017 688 1311 753 praescita,
1343 681 1654 748 aruspicum

62 759 362 827 praedicta,
380 763 546 823 atque
566 758 733 810 etiam
763 771 935 824 parva
957 755 1126 818 dictu,
1168 756 1225 806 in
1249 751 1494 820 auguriis
1513 753 1651 799 ster·

64 832 400 887 notamenta‚
444 833 501 877 et
534 826 869 877 offensiones
911 824 1126 891 pedum.
1167 823 1339 875 Divus
1377 822 1655 884 Augustus

63 897 278 951 laevum
301 892 552 961 prodidit
574 895 683 946 sibi
707 896 953 947 calceum
978 898 1334 959 praepostere
1353 888 1657 943 inductum,

66 980 162 1032 quo
186 963 281 1013 die
301 961 580 1016 seditione
619 963 853 1015 militari
872 976 1043 1028 prope
1081 959 1319 1013 afflictus
1343 962 1444 1011 est.
1503 955 1655 1014 Quae

68 1031 280 1100 singula
298 1031 664 1096 improvidam
694 1031 1095 1085 mortalitatem
1119 1028 1437 1084 involvunt,
1477 1023 1654 1073 solum

68 1108 123 1153 ut
143 1102 291 1152 inter
323 1099 438 1149 ista
478 1106 685 1150 certum
710 1101 806 1163 sit,
843 1098 977 1151 nihil
1015 1113 1136 1150 esse
1156 1096 1310 1155 certi,
1352 1107 1453 1144 nec
1489 1091 1653 1141 mise·

66 1170 173 1237 rius
192 1167 488 1234 quidquam
516 1166 753 1228 bomine,
798 1174 896 1219 aut
916 1165 1224 1231 superbius.
1266 1161 1480 1214 Ceteris
1504 1159 1656 1225 quip-

4 1259 5 1262 ¹
68 1253 130 1306 pe
168 1237 535 1286 animantium
580 1235 702 1286 sola
738 1234 912 1286 victus
944 1249 1077 1286 cura
1096 1239 1198 1294 est,
1238 1231 1433 1297 inquo
1456 1233 1655 1294 sponte

69 1304 292 1359 naturae
310 1303 623 1370 benignitas
641 1302 865 1356 sufficit:
886 1319 995 1354 uno
1011 1302 1226 1369 quidem
1249 1299 1335 1351 vel
1350 1296 1659 1364 praeferen-

69 1374 135 1429 do
155 1374 378 1426 cunctis«
392 1373 568 1434 bonis,
588 1372 734 1437 quod
757 1373 825 1424 de
850 1372 1056 1439 gloria,
1100 1371 1170 1422 de
1192 1367 1445 1435 pecunia,
1484 1364 1656 1414 ambi·

4 1483 7 1492 f
71 1443 236 1505 tione,
258 1455 534 1510 superque
556 1440 623 1491 de
647 1447 823 1492 morte
845 1455 953 1490 non
975 1440 1246 1504 cogitant.

129 1512 341 1565 Verum
365 1512 425 1561 in
462 1508 548 1561 his
582 1509 732 1562 Deos
776 1524 941 1575 agere
963 1522 1152 1559 curam
1196 1518 1379 1556 rerum
1402 1499 1662 1551 humana·

69 1597 186 1634 rum
232 1580 414 1641 credis
451 1594 521 1631 ex
553 1593 658 1631 usu
695 1580 843 1629 vitae
866 1582 973 1627 est:
1017 1585 1334 1640 poenasque
1373 1567 1664 1619 maleficiis

70 1650 375 1717 aliquando
396 1662 569 1707 seras,
610 1649 883 1709 occupato
902 1643 1026 1694 Deo
1069 1644 1125 1691 in
1149 1645 1304 1690 tanta
1323 1635 1489 1696 mole,
1526 1649 1662 1685 nun·

4 1730 7 1781 2
70 1731 233 1787 quani
255 1719 442 1767 autem
464 1714 650 1765 irritas
671 1727 793 1765 esse
812 1727 827 1773 3
868 1726 970 1760 nec
989 1707 1113 1760 ideo
1134 1709 1443 1773 proximum
1463 1703 1552 1754 illi
1570 1715 1664 1769 ge-

4 1800 7 1831 ῑ
72 1789 245 1848 nitum
267 1782 564 1845 hominem,
601 1787 663 1832 ut
680 1780 900 1831 vilitate
922 1778 1080 1828 iuxta
1098 1775 1316 1838 belluas
1339 1778 1502 1825 esset.
1557 1771 1667 1821 lm-

4 1858 7 1926 ξ
73 1853 353 1923 perfectae
390 1866 523 1904 vero
543 1852 603 1901 in
633 1848 855 1908 homine
876 1853 1109 1898 naturae
1132 1842 1429 1910 praecipua
1448 1837 1672 1899 solatia,

4 1942 7 1995 g
74 1937 141 1980 ue
169 1922 355 1974 Deum
376 1920 595 1987 quidem
618 1933 781 1986 posse
803 1918 1007 1969 omnia.
1050 1913 1300 1980 Namque
1320 1925 1420 1963 nec
1439 1908 1547 1960 sibi
1568 1919 1669 1971 po·

4 1998 7 2063 ῗ
75 1996 186 2045 test
205 1995 444 2043 mortem
466 1988 824 2050 consciscere,
864 1984 913 2037 si
936 1983 1089 2044 velit,
1121 1981 1268 2049 quod
1291 1977 1501 2032 homini
1519 1973 1672 2027 dedit

4 2072 7 2107 ἒ
77 2060 349 2128 optimum
369 2059 429 2108 in
451 2056 622 2108 tantis
643 2058 791 2107 vitae
811 2054 1007 2121 poenis
1021 2069 1045 2102 r
1078 2067 1178 2103 nec
1200 2050 1464 2101 mortales
1488 2048 1666 2095 aeter·

4 2142 7 2195 ξ
74 2131 253 2182 nitate
278 2127 508 2188 donare,
534 2130 631 2177 aut
669 2137 931 2175 revocare
975 2120 1292 2172 defunctos:
1335 2131 1437 2168 nec
1473 2113 1671 2172 facere,

4 2198 7 2251 ἵ
73 2204 137 2252 ut
157 2197 256 2264 qui
276 2196 439 2258 vixit,
460 2209 567 2245 non
588 2191 809 2254 v‘ixerit3
829 2191 922 2258 qui
941 2188 1180 2241 honores
1205 2185 1394 2253 gessit,
1415 2197 1523 2234 non
1545 2194 1668 2247 ges·

4 2256 7 2301 ἶ
71 2266 237 2322 serit:
279 2263 603 2329 nullumque
642 2260 845 2312 habere
865 2259 923 2308 in
943 2258 1251 2324 praeterita
1272 2256 1378 2315 ius,
1418 2256 1668 2317 praeter·

4 2322 7 2333 l

4 2374 7 2389 l

74 2345 239 2406 quam
264 2333 585 2384 oblivionis:
602 2336 763 2396 atque
776 2331 861 2391 (ut
882 2325 1079 2378 facetis
1101 2339 1314 2391 quoque
1337 2316 1675 2387 argumentis

75 2406 317 2460 societas
339 2400 480 2454 haec
502 2415 624 2452 cum
645 2398 766 2451 Deo
781 2395 1088 2461 copuletur)
1110 2399 1171 2444 ut
1189 2393 1275 2443 bis
1298 2390 1453 2451 dena,
1473 2384 1679 2455 viginti

75 2487 188 2526 non
210 2473 351 2532 sint,
388 2484 453 2523 ac
494 2469 670 2519 multa
698 2466 953 2517 similiter
986 2460 1202 2513 efficere
1225 2474 1334 2511 non
1367 2472 1556 2525 posse:
1579 2468 1679 2521 per

78 2554 222 2609 quae
262 2538 578 2591 declaratur
622 2534 773 2586 haud
810 2531 975 2583 dubie
1014 2535 1245 2582 naturae
1287 2526 1556 2598 potentia,
1592 2520 1680 2574 id.

4 2610 7 2621 ²
84 2621 188 2677 que
208 2622 331 2662 esse
361 2606 509 2675 quod
548 2603 728 2658 Deum
752 2613 1029 2655 vocamus·
1111 2598 1176 2650 ln
1212 2596 1355 2696 baec?
1390 2592 1684 2648 diver-tissa

1175 2792 1180 2796 ·
1244 2775 1273 2808 ἐ
