2009 3025
283 162 580 219 NA'rtJn.
602 162 967 230 nls'ron.
1000 164 1165 219 Lm.
1199 163 1306 220 vl.
1327 163 1412 219 31.
1436 156 1550 222 32‘
1602 167 1711 224 379

105 273 354 320 montem
377 267 793 333 penetrantibus
812 268 1042 333 Nubeis,
1064 269 1260 336 quibus
1278 269 1579 336 iunguntur
1596 270 1705 323 Ra-

104 338 255 389 misi.
328 336 544 389 Deinde
566 339 828 400 Taranei‚
871 338 1069 390 deinde
1108 338 1345 390 Patami.
1402 340 1530 406 Ipsa
1567 354 1702 391 vero

101 405 400 476 peninsula
430 407 645 459 Arabia·
673 407 822 460 inter
865 407 974 481 duo
1013 406 1211 470 ¹maria,
1252 406 1496 458 Rubrum
1519 406 1702 458 Persi-

103 489 344 541 cumque
368 488 716 541 procurrens,
756 476 993 544 quodam
1020 481 1250 528 naturae
1273 476 1511 532 artificio
1533 474 1607 528 ad
1626 477 1701 527 si·
1751 508 1762 513 -

101 542 476 605 militudinem
519 551 687 611 atque
722 545 1158 612 magnitudinem
1201 545 1398 597 ltaliae
1438 547 1580 596 mari
1604 546 1706 597 cir·

103 610 383 674 cumfnzm,
418 612 478 664 in
499 613 731 667 eandem
771 615 940 666 etiam
964 615 1103 666 caeli
1109 619 1343 697 partem
1367 614 1525 666 nulla
1545 613 1703 666 diffe-
1863 614 1894 645 Ψ

101 681 295 734 tentia
315 688 546 748 spectat.
618 683 777 736 Haec
799 697 1015 752 quoque
1038 683 1097 734 in
1119 682 1220 734 illo
1243 683 1355 733 situ
1378 680 1568 734 felix(
1601 683 1706 737 Po·

99 750 269 818 pulos
304 751 426 802 eius
448 762 698 803 a-nostro
722 752 864 803 mari
901 767 1077 818 usque
1115 751 1188 804 ad
1209 751 1555 805 Palmirenas
1577 752 1709 803 soli·

104 818 337 870 tudines
370 819 636 870 diximusx
678 821 896 889 reliqua
915 834 1063 873 nunc
1083 836 1434 889 peragemus.
1505 819 1711 873 Noma-

100 886 213 957 das
247 886 375 939 inde
394 887 866 958 infestatoresque
888 888 1312 952 Chaldaeorum,
1341 887 1599 941 Scenitae
1621 893 1708 952 (ut

101 955 375 1023 diximus)
414 956 679 1010 claudunt
717 963 776 1011 et
819 959 927 1024 ipsi
965 963 1115 1027 vagi,
1156 958 1252 1011 sed
1276 973 1313 1010 a
1331 958 1707 1010 tabernaculis

97 1025 1707 1163 issssssssffssaff’3333?*3212351‘22‘2‘322323‘21'33133?ss
1816 1064 1837 1119 f

81 1159 380 1225 convalle,
420 1165 588 1229 paulo
613 1165 792 1216 minus
813 1166 981 1216 duum
1002 1165 1140 1216 mill.
1161 1178 1422 1230 passuum
1447 1164 1707 1230 amplitu-

90 1230 272 1293 dinis,
297 1231 699 1284 circumdatum
720 1234 1002 1285 montibus
1033 1232 1329 1299 inaccessis
1351 1246 1510 1286 amne
1533 1234 1702 1285 inter·

92 1299 333 1353 fluente.
404 1299 575 1351 Abest
606 1314 640 1348 a
662 1300 818 1350 Gaza
858 1300 1064 1366 oppido
1083 1302 1269 1353 litoris
1290 1300 1469 1353 nostri
1508 1302 1607 1353 Dc
1624 1301 1703 1352 M.

99 1384 143 1420 a
165 1370 286 1419 sinu
307 1365 539 1418 Persico
561 1365 813 1418 CXXXV
830 1367 914 1419 M.
971 1366 1097 1420 Huc
1122 1372 1379 1420 convenit
1411 1375 1706 1435 utrumque
1819 1370 1828 1376 ’

76 1435 334 1497 *bivium
353 1449 543 1487 eorum
565 1434 663 1502 qui
684 1440 742 1488 et
762 1433 934 1503 Syria
953 1435 1251 1488 Palmiram
1278 1438 1504 1503 petiere,
1540 1442 1597 1489 et
1615 1452 1707 1489 eo·

97 1521 232 1559 rum
253 1504 347 1573 qui
368 1505 439 1558 ab
462 1503 621 1558 Gaza
639 1509 930 1558 venerunt.
961 1504 1193 1558 APetra
1212 1504 1496 1558 incoluere
1509 1505 1710 1558 Omani

98 1574 184 1629 ad
207 1573 506 1627 Characem
531 1588 722 1642 usque,
756 1571 977 1641 oppidis
996 1574 1270 1641 quondam
1293 1574 1460 1627 claris
1481 1589 1518 1626 a
1535 1574 1711 1632 Semi-

96 1643 328 1700 ramide
347 1643 607 1706 conditis,
636 1642 968 1696 Abesamide
996 1650 1056 1695 et
1076 1642 1349 1695 Soractia.
1405 1644 1564 1696 Nunc
1582 1652 1712 1697 sunt

100 1712 464 1766 solitudines.
535 1712 756 1764 Deinde
779 1717 866 1764 est
885 1711 1165 1780 oppidum,
1187 1712 1336 1779 quod
1359 1711 1707 1766 Characeno·

99 1798 234 1836 rum
256 1782 378 1850 regi
398 1787 575 1849 paret,
596 1782 652 1833 in
675 1781 965 1849 Pasitigris
984 1783 1126 1847 ripa,
1147 1777 1358 1834 Forath
1379 1784 1626 1845 nomine;
1652 1783 1713 1833 in

90 1849 264 1919 ‚quod
285 1865 320 1901 a
340 1851 507 1903 Petra
528 1852 886 1903 conveniunt:
929 1848 1337 1917 Characemque
1358 1850 1487 1903 inde
1505 1851 1609 1904 XII
1631 1849 1712 1903 Μ.

101 1934 374 1989 passuum
396 1919 638 1971 secundo
660 1925 818 1971 aestu
836 1918 1120 1985 navigant.
1163 1920 1223 1971 Έ
1240 1916 1504 1971 Parthico
1525 1921 1748 1972 autem*

102 1986 1715 2125 {zfffiuziiifaeziss’i-{ffl3353&ssss{iaizzisszssz
1746 2017 1754 2028 ’

101 2128 314 2188 tinent,
354 2125 555 2177 dextra
573 2125 854 2190 Nomades
879 2124 1153 2178 Scenitae.
1223 2119 1461 2187 Quidam
1500 2132 1558 2177 et
1597 2125 1729 2178 alia-

104 2196 224 2248 duo
246 2193 452 2262 oppida
477 2191 660 2261 longis
691 2193 1000 2247 intervallis
1025 2193 1184 2262 Tigri
1202 2194 1586 2263 praenavigari
1606 2200 1716 2247 tra-
1793 2205 1824 2226 ‘
1919 2225 1926 2229 -

106 2265 270 2328 dunt,
311 2262 651 2325 Bau-batim,
691 2278 819 2315 mox
860 2262 1222 2316 Thumatam:
1261 2263 1406 2332 quod
1445 2265 1642 2316 abesse
1680 2278 1718 2316 a

48 2385 51 2388 .
105 2334 286 2389 Petra
318 2331 506 2386 decem
540 2331 754 2384 dierum
778 2331 1153 2401 navigatione,
1196 2331 1713 2399 nostrifnegotiato·

104 2418 204 2459 res
239 2402 450 2465 dicunt,
487 2398 1042 2467 Characenorumque
1062 2401 1179 2469 regi
1204 2416 1424 2468 parere:
1467 2408 1527 2454 et
1567 2403 1716 2468 Apa-

106 2473 282 2534 miam
323 2472 506 2534 sitam,
545 2470 644 2522 ubi
679 2469 1023 2537 restagnatio
1043 2468 1343 2537 Euphratis
1383 2485 1507 2522 cum
1551 2471 1713 2539 Tigri

110 2541 378 2597 confluat.
416 2540 610 2606 ltaque
629 2538 922 2591 molientes
941 2539 1308 2592 incursionem
1329 2539 1565 2604 Parthos
1587 2554 1713 2608 ope·

111 2613 274 2665 ribus
297 2607 529 2661 obiectis
548 2608 907 2660 inundatione
930 2608 1125 2660 arceri.
1423 2609 1430 2612 ⁴

224 2678 381 2736 Nunc
400 2693 436 2732 a
457 2674 707 2746 Charace,
719 2676 964 2730 dicemus
987 2690 1162 2740 oram,
1182 2673 1460 2744 Epiphani
1480 2677 1716 2746 primum

364 2887 401 2895 -ι
