2009 3025
168 156 211 174 ‚X
268 97 573 151 sarua.
609 101 756 157 rus
775 103 958 155 ¹rou.
1015 102 1187 157 Lm.
1227 101 1332 157 v1.
1370 101 1457 157 32.
1519 84 1532 107 ‘
1560 103 1665 158 381

2 244 5 263 ζ
69 207 130 255 et
151 201 530 268 Amnamethu.
585 203 736 256 Gens
759 205 994 259 Dari-,ael
1044 205 1291 258 Insulae:
1325 204 1661 260 Chelonitis:

68 270 528 353 ichthyophagon
572 270 812 337 multae,
855 274 1129 327 Eodanda
1171 275 1418 338 deserta,
1460 276 1660 346 Basag,

71 341 285 393 multae
326 340 682 395 Sabaeorum.
710 348 717 353 '
775 344 1070 396 Flumina:
1111 344 1374 408 Thamar,
1411 345 1624 398 Amnon
1649 366 1676 410 ³.

65 410 281 463 insulae
301 411 552 464 Dolicae.
597 412 841 467 Fontes:
876 413 1169 478 Daulotes,
1191 413 1363 466 Dora.
1421 414 1667 468 Insulae:

10 486 25 497 “
67 478 282 543 Pteros,
302 481 630 546 Labatanis,
661 483 908 547 Coboris,
927 484 1308 545 Sambracate‚
1330 487 1388 534 et
1405 485 1673 551 oppidum
1698 539 1704 544 ,

69 549 264 602 eodem
286 551 509 604 nomine
529 552 589 602 in
613 554 940 606 continenti.
979 558 1026 609 Α
1046 553 1277 606 meridie
1297 553 1513 605 insulae
1532 554 1675 611 mul-

68 624 180 680 tae,
201 620 444 672 maxima
464 623 703 675 Camari.
774 623 1030 688 Flumen,
1068 625 1379 692 Mysecros.
1447 622 1674 686 Portus,

68 685 309 755 Leupas.
378 688 639 741 Scenitae
653 690 879 744 Sabaei.
944 692 1162 746 Insulae
1182 694 1409 746 multae.
1466 691 1674 758 Empo-

67 759 213 833 rium
239 771 433 809 eorum
453 758 628 821 Acila,
652 775 722 811 ex
741 776 850 829 quo
872 761 932 812 in
953 762 1166 824 Indiam
1190 762 1505 828 navigatur.
1562 763 1667 813 Re-

71 826 184 894 gio,
207 825 616 878 Amithoscuta:
657 829 915 881 Damnia.
983 832 1124 884 Mizi
1147 833 1391 883 maiores
1415 836 1474 882 et
1495 831 1673 882 mino-

70 911 180 958 res,
202 894 460 948 Drimati.
486 886 497 918 ⁸
532 893 1051 951 Naumachaeoru'm
1071 899 1519 967 promontorium
1546 914 1677 950 con·

70 972 162 1017 tra
183 966 527 1018 Carmaniam
548 973 652 1019 est.
723 966 915 1020 Distat
944 970 1347 1036 quinquaginta
1380 969 1521 1021 mill.
1545 983 1673 1034 pas-

69 1049 251 1087 suum.
323 1036 471 1089 Mira
493 1051 582 1089 res
622 1036 704 1090 ibi
728 1037 996 1089 traditur:
1038 1037 1372 1092 Numenium
1392 1039 1463 1090 ab
1481 1040 1674 1089 Antio·

69 1104 179 1156 cho
201 1119 330 1172 rege
342 1105 607 1159 Mesenae
621 1107 1029 1175 praepositum,
1049 1108 1129 1160 ibi
1150 1106 1352 1161 vicisse
1366 1108 1562 1160 eodem
1584 1104 1675 1159 die

67 1173 271 1237 classe,
300 1180 563 1242 aestuque
582 1192 805 1229 reverso
825 1178 1030 1230 iterum
1051 1176 1303 1247 equitatu
1326 1181 1521 1228 contra
1541 1177 1672 1228 Per-

69 1259 164 1295 sas
188 1243 552 1309 dimicantem,
593 1252 653 1299 et
692 1248 918 1317 gemina
945 1246 1220 1322 trophaea
1250 1245 1447 1299 eodem
1467 1245 1527 1296 in
1548 1245 1674 1298 loco
1755 1282 1760 1287 ,
1793 1262 1799 1271 ’

67 1313 187 1364 Iovi
208 1327 279 1365 ac
294 1312 556 1379 Neptuno
577 1319 860 1369 statuisse..

141 1416 333 1470 Insula
354 1416 414 1468 in
437 1414 555 1467 alto
576 1417 802 1472 obiacet
820 1418 1050 1485 Ogyris,
1086 1418 1244 1469 clara
1263 1417 1520 1486 Erythra
1539 1434 1673 1488 rege

67 1487 150 1540 ibi
170 1486 412 1555 sepulto,
483 1486 681 1548 Distat
695 1502 731 1540 a
750 1491 1074 1541 continente
1104 1487 1306 1540 CXXV
1324 1489 1463 1541 mill.
1482 1503 1678 1557 passu-

66 1573 182 1619 um,
204 1558 440 1610 circuitu
461 1557 609 1609 cxll
632 1572 912 1625 passuum.
983 1556 1101 1608 Nec
1120 1547 1505 1611 minus‘altera
1524 1558 1679 1609 clara

64 1628 129 1679 in
151 1629 363 1680 Azanio
380 1626 903 1689 marissDioseoridu,
936 1624 1151 1677 distans
1173 1640 1208 1676 a
1224 1623 1445 1696 Syagro
1466 1628 1674 1679 extimo

34 1727 47 1738 ι
66 1697 464 1765 promontorio
488 1695 786 1749 CCLXXX
803 1693 944 1747 mill.
967 1709 1119 1762 pass.

62 1811 69 1816 ·
138 1799 364 1867 Reliqui
400 1798 459 1853 in
500 1800 822 1853 continente
850 1815 893 1851 a
911 1798 1063 1851 Noto
1106 1797 1413 1850 etiamnum
1442 1802 1680 1853 Ausari-

65 1877 190 1922 tae:
215 1868 347 1922 inde
366 1870 425 1919 in
446 1876 663 1923 montes
683 1868 814 1921 Vm
835 1868 1051 1922 dierum
1073 1869 1366 1920 transitus.
1437 1869 1646 1922 Gentes
1662 1887 1680 1919 ι

64 1938 410 2000 Larendani,
424 1941 706 2001 Catabani,
721 1938 933 1991 Gebani
941 1946 1031 1991 tae
1041 1937 1296 2005 pluribus
1321 1937 1559 2004 oppidis,
1577 1940 1681 1995 sed

65 2008 355 2070 maximis,
393 2008 592 2075 Nagia,
613 2015 671 2061 et
693 2007 910 2062 Tamna
930 2007 1265 2074 templorum
1287 2006 1459 2062 LXV.
1517 2009 1677 2060 Haec

66 2086 162 2130 est
184 2077 568 2145 amplitudinis
584 2079 950 2145 significatio.
1019 2077 1490 2140 Promontorium‚
1512 2092 1546 2129 a
1568 2092 1679 2145 quo

65 2146 145 2199 ad
191 2147 566 2212 continentem
611 2147 1095 2217 Troglodytarum
1117 2146 1186 2204 ,L
1206 2148 1284 2201 M.
1304 2162 1452 2213 pass.
1478 2148 1679 2208 Toani,

64 2217 319 2279 Ascitae,
341 2214 798 2281 Chatramotitae‚
826 2217 1125 2280 Tomabei,
1158 2216 1457 2277 Antidalei,
1478 2216 1680 2270 Lexia-
1763 2249 1774 2258 κ

54 2291 197 2349 hae,
221 2287 443 2354 Agraei,
468 2286 724 2350 Cerbani,
746 2287 949 2341 Sabaei
970 2288 1229 2350 Arabum,
1258 2291 1491 2354 propter
1512 2285 1681 2337 thura

63 2356 394 2419 clarissimi,
420 2356 490 2407 ad
511 2362 745 2425 utraque
765 2358 945 2408 maria
965 2358 1239 2424 porrectis
1260 2358 1535 2425 gentibus.
1572 2356 1679 2422 Op-

62 2425 205 2493 pida
229 2441 418 2478 eorum
440 2426 500 2477 in
523 2425 710 2479 Rubro
730 2428 923 2481 litore:
966 2428 1222 2489 Marane,
1242 2428 1477 2487 Marma,
1502 2427 1674 2478 Coro-

62 2495 164 2558 lia,
188 2493 463 2548 Sabatha:
488 2496 633 2549 intus
662 2495 886 2564 oppida,
906 2495 1140 2559 Nascus,
1163 2496 1427 2560 Cardava,
1448 2498 1680 2559 Carnus,

62 2574 128 2618 et
144 2581 268 2633 ‚quo
291 2580 506 2615 merces
530 2566 760 2619 odorum
783 2563 1075 2627 deferunt,
1118 2567 1387 2630 'l'omalaa
1428 2566 1564 2618 Pars
1586 2579 1680 2617 eo-

63 2651 193 2688 rum
229 2634 566 2698 Atramitae,
607 2650 838 2704 quorum
870 2641 1040 2708 caput
1060 2634 1299 2699 Sabota,
1337 2636 1439 2690 Lx
1471 2633 1684 2703 templa
