2009 3025
223 67 535 122 NATUR.
579 68 920 121 HIS'I'OR.
961 67 1138 125 LlB..
1174 70 1278 125 Vl.
1322 71 1512 129 3233.
1584 77 1685 131 383

56 171 111 223 A
187 171 388 238 pelone
421 171 648 224 colonia
688 170 1058 225 Milesiorum.
1128 173 1357 237 Actrida
1393 177 1687 244 oppidum:

186 243 343 310 ’=ngii‚
387 256 620 309 quorum
637 238 899 293 Mariaba
923 240 1495 312 oppidumfsignificat
1515 247 1689 299 domi-
1718 284 1721 289 ·

54 324 181 365 nos
205 313 472 365 omnium.
545 309 795 378 Oppida:
827 309 1049 374 Pallon,
1072 311 1397 367 Urannimal
1415 315 1576 367 iuxta
1593 315 1691 368 fiu-
1785 386 1796 389 -

60 396 224 445 men,
250 396 351 448 per
370 381 520 449 quod
540 378 883 450 Euphratem
905 395 1191 449 emergere
1207 376 1430 449 putan't.
1454 384 1664 438 Gentes

63 450 271 519 Agrei,
290 451 586 503 Ammonii.
638 450 915 518 Oppidum
933 450 1170 516 Athene,
1192 453 1523 518 Gauranani,
1544 455 1694 521 quod

62 520 365 589 significat
397 520 701 572 ditissimos
734 525 1018 573 armento=
1061 522 1361 575 Coranitae
1375 558 1395 586 ‚
1439 525 1695 587 Caesani,

65 589 315 642 Choani.
359 589 608 643 Fuerunt
631 595 688 643 et
707 590 928 643 Graeca
949 589 1171 659 oppida,
1190 590 1484 661 Arethusa,
1501 591 1691 646 Laris·

54 673 158 724 aa,
181 659 404 712 Chalcis
421 678 436 724 ;
456 660 642 713 deleta
659 660 834 713 variis
851 658 1035 714 bellis.

144 762 406 817 Romana
442 777 601 816 arma
633 762 788 816 solus
825 763 885 815 in
916 762 1043 816 eam
1070 769 1278 816 terram
1301 762 1484 818 adhuc
1505 763 1697 818 intulit

67 833 270 886 Aelius
281 828 499 896 Gallus,
519 848 588 886 ex
610 835 858 901 equestri
881 831 1096 885 ordine.
1126 832 1270 886 Nam
1288 836 1345 887 C.
1362 837 1572 888 Caesar
1582 836 1689 888 Au·

69 904 236 970 gusti
255 901 402 954 filius
424 905 715 969 prospexit
735 908 954 954 tantum
975 903 1261 955 Arabiam
1320 903 1519 955 Gallus
1542 905 1696 970 oppi-

69 973 151 1025 da
169 970 368 1035 diruit,
407 986 519 1024 non
541 972 828 1024 nominata
849 973 918 1025 ab
940 972 1265 1025 auctoribus
1287 975 1382 1040 qui
1405 979 1537 1026 ante
1558 973 1689 1024 scri·

67 1045 335 1108 pserunt,
373 1041 639 1110 Negram,
675 1044 1045 1105 Amnestrum,
1080 1041 1335 1106 Nescam,
1377 1042 1692 1110 Magusam,

72 1111 468 1173 Tammacum‚
503 1110 820 1172 Labeciam,
861 1116 918 1164 et
937 1125 1108 1183 supra
1128 1111 1335 1164 dictam
1357 1111 1691 1174 Mariabam,

69 1178 322 1231 circuitu
345 1177 424 1231 Vl
446 1180 588 1231 mill.
610 1194 889 1248 passuum.
962 1177 1104 1230 ltem
1128 1181 1409 1247 Caripeta,
1432 1194 1541 1247 qno
1565 1181 1693 1232 lon-

119 1249 314 1300 'ssime
334 1250 625 1314 processit.
697 1249 896 1298 Cetera
917 1246 1214 1313 explorata
1233 1249 1457 1301 retulitz
1490 1249 1692 1309 Noma-

120 1332 180 1370 es
200 1317 348 1368 lacte
368 1322 427 1367 et
443 1315 630 1366 ferina
647 1328 811 1366 carne
831 1315 1013 1365 vesci:
1036 1315 1281 1383 reliquos
1301 1320 1508 1382 vinum,
1531 1322 1691 1373 utln·

68 1385 204 1448 dos,
232 1383 438 1452 palmis
459 1384 783 1450 exprimere,
806 1382 992 1434 oleum
1015 1399 1285 1438 sesamae.
1330 1387 1383 1440 N
1386 1388 1688 1441 umerosis-

67 1455 254 1507 simos
278 1467 401 1506 esse
425 1452 769 1507 Homeritas:
787 1451 1030 1504 Minaeis
1052 1451 1274 1509 fertiles
1297 1470 1465 1524 agros
1483 1457 1690 1526 palme.-

66 1525 156 1578 tis
196 1524 551 1594 arbustisque
566 1558 584 1587 ,
624 1525 681 1575 in
723 1536 924 1588 pecore
969 1521 1217 1576 divitias.
1308 1526 1589 1590 cerbanos
1628 1536 1691 1582 et

63 1600 326 1663 Agraeos
368 1594 536 1646 armis
577 1598 865 1660 praestare
880 1625 896 1653 ‚
954 1593 1192 1646 maxime
1235 1590 1689 1652 Chatramotitas.

65 1664 301 1717 Carreis
321 1664 625 1716 latissimos
648 1669 706 1714 et
726 1659 1105 1713 fertilissimos
1121 1676 1312 1730 agros.
1343 1662 1588 1718 Sabaeos
1612 1667 1689 1717 di·

65 1728 328 1786 tissimos
349 1734 612 1786 silvarum
635 1730 934 1784 fertilitate
955 1729 1263 1793 odorifera}
1282 1734 1406 1784 auri
1421 1735 1686 1796 metallis,

70 1813 343 1872 agrorum
364 1804 567 1871 riguis:
592 1801 776 1855 mellis
800 1814 1071 1868 ceraeque
1096 1805 1387 1866 proventu.
1438 1801 1525 1853 De
1548 1804 1683 1855 odo-

70 1874 232 1926 ribus
257 1887 360 1925 suo
384 1874 633 1925 dicemus
652 1871 951 1924 volumine.
994 1869 1205 1922 Arabes
1228 1870 1445 1924 mitrati
1460 1871 1684 1939 degunt,

73 1949 180 1996 aut
200 1944 423 1994 intonso
446 1943 621 1996 crine:
666 1940 842 1994 barba
861 1939 1176 2004 abraditur,
1217 1946 1605 2007 praeterquam
1624 1944 1683 1993 in

70 2012 363 2078 superiore
384 2012 562 2065 labro.
602 2011 743 2063 Aliis
763 2016 822 2063 et
846 2007 985 2062 haec
1003 2009 1252 2062 intonsa:
1275 2010 1583 2077 mirumque
1605 2008 1684 2061 di·

73 2088 169 2135 ctu
198 2096 268 2133 ex
292 2082 601 2133 innumeris
622 2080 844 2149 populis
876 2094 1007 2146 pars
1029 2094 1209 2149 aequa
1228 2080 1287 2130 in
1311 2079 1677 2143 commerciis,
1771 2135 1780 2153 ί

72 2158 177 2208 aut
199 2151 513 2203 latrociniis
526 2150 707 2217 degite
729 2151 784 2201 in
805 2150 1126 2201 universum
1147 2154 1342 2217 gentes
1352 2148 1680 2213 ditissimae,

14 2263 17 2264 ν
73 2227 139 2273 ut
163 2220 310 2289 apud
333 2236 469 2287 quas
490 2219 766 2272 maximae
786 2234 920 2285 opes
936 2219 1310 2271 Romanorum
1326 2217 1681 2274 Parthorum·

74 2306 186 2359 que
208 2286 544 2352 subsistant,
583 2289 949 2342 vendentibus
980 2302 1123 2355 quae
1159 2304 1191 2345 e
1221 2288 1365 2342 mari
1404 2294 1503 2343 aut
1523 2288 1680 2341 silvis

74 2363 318 2427 capiunt,
342 2359 485 2412 nihil
508 2358 743 2411 invicem
765 2356 1189 2413 redimentibus.

144 2462 399 2515 xxxin.
435 2462 599 2516 Nunc
619 2459 1067 2544 reliqanoram
1085 2462 1322 2518 Arabiae
1338 2463 1679 2522 contrariam

73 2546 484 2599 persequemur.
557 2529 947 2584 Timosthenes
984 2535 1169 2583 totum
1188 2534 1365 2584 sinum
1393 2533 1679 2600 quatridui

72 2601 431 2671 navigatione
451 2602 508 2653 in
532 2599 938 2669 longitudinem
959 2600 1196 2684 taxavit,
1227 2601 1382 2654 bidui
1402 2606 1461 2657 in
1480 2603 1674 2657 latitu-
