2009 3025
347 84 650 179 NATuR.
692 125 915 179 ffls‘r.
964 127 1131 183 Lm.
1166 131 1239 189 v.
1273 131 1469 189 πεπρ.
1614 135 1722 193 329

95 244 253 284 mna.
301 228 467 282 Sinus
491 228 821 296 Thymnias.
869 229 1722 302 Promontoriumdphrodisias.

98 297 384 366 Oppidum
411 299 599 365 Hyda.
669 299 833 350 Sinus
855 298 1158 372 §choenum
1218 304 1397 371 Regio
1421 305 1723 359 Bubassus.

97 367 383 437 Oppidum
412 368 517 418 fuit
543 367 838 430 Acanthus,
863 369 974 421 alio
1003 371 1229 422 nomine
1248 371 1571 438 Dulopolis.
1622 377 1729 427 Est
1801 426 1808 431 .

94 438 160 559 {¹}
184 436 1334 559 §2322⁰;⁰‘2‘11{³:;¹⁶2⁸.¹2¹;²1‘55.32‘333?³;.
1350 440 1480 493 ‘¹⁰³¹'
1502 441 1721 509 ''²⁸¹¹’‘
1783 454 1792 461 “

171 574 285 628 Sed
307 520 651 643 priufgesga
673 580 729 626 et
751 574 1191 628 mediterraneas
1212 518 1624 632 iuffisdietiones
1640 579 1719 632 in·

92 644 323 698 dicasse
344 644 661 696 conveniat.
692 642 812 696 Una
832 644 1151 711 appellatur
1166 647 1506 713 Cibyratica.
1532 650 1715 717 Ipsum

94 713 374 781 oppidum
397 711 682 782 Phrygiae
703 719 808 765 est.
875 715 1227 766 Conveniunt
1251 732 1319 768 eo
1346 715 1502 769 XXV
1521 717 1716 772 civita·
1753 748 1758 761 ·

91 790 204 845 tes,
239 783 610 835 celeberrima
630 782 768 834 urbe
791 781 1094 835 Laodicea.
1155 783 1426 851 Imposita
1448 793 1536 837 est
1560 786 1718 854 Lyco

93 850 338 914 flumini,
359 853 545 904 latera
563 850 905 904 alluentibus
920 853 1108 920 Asopo
1130 857 1189 905 et
1200 854 1408 920 Capro:
1431 856 1721 922 appellata

95 923 289 989 primo
314 920 622 988 Diospolis,
641 919 1001 973 deinlthoas.
1073 920 1296 989 Reliqui
1317 923 1377 974 in
1397 938 1465 975 eo
1487 939 1720 979 conven-

92 1000 181 1054 tu,
204 1003 345 1057 quos
368 991 654 1042 nominare
675 1004 785 1040 non
807 990 1022 1057 pigeat,
1054 989 1409 1058 Hydrelitae,
1430 992 1719 1048 Themiso·

94 1074 218 1122 nes,
236 1058 647 1125 Hierapolitae.
668 1057 830 1111 Alter
849 1064 1156 1111 conventus
1170 1073 1205 1112 a
1220 1059 1490 1129 Synnada
1511 1063 1719 1132 accipit

92 1142 322 1182 nomen.
382 1128 731 1181 Conveniunt
750 1128 1062 1196 Lycaones,
1097 1129 1355 1197 Appiani,
1382 1130 1718 1200 Eucarpeni,

91 1196 398 1265 Dorylaei,
429 1195 659 1260 Midaei,
689 1197 977 1260 Iulienses,
1011 1204 1072 1252 et
1088 1199 1292 1267 reliqui
1313 1200 1591 1268 ignobiles
1613 1218 1713 1270 po-
1759 1208 1766 1219 ‘

91 1266 221 1337 puli
244 1265 365 1320 XV.
427 1266 660 1318 Tertius
688 1267 975 1334 Apamiam
995 1266 1184 1331 vadit,
1218 1276 1349 1323 ante
1372 1271 1713 1338 appellatam

92 1337 399 1398 Celaenas,
432 1334 564 1388 dein
595 1335 855 1388 Ciboton.
918 1335 1045 1387 Sita
1078 1344 1164 1388 est
1192 1336 1254 1388 in
1285 1338 1477 1393 radice
1495 1342 1713 1402 {montis

93 1405 359 1474 Signiae,
370 1400 714 1457 circumfusa
732 1403 983 1470 Marsya,
1007 1402 1257 1468 Obrima,
1280 1408 1451 1473 Orga,
1475 1407 1715 1459 flumini-

90 1477 203 1531 bus
233 1475 295 1528 in
326 1471 697 1544 Maeandrum
728 1471 1075 1527 cadentibus.
1134 1471 1400 1542 Marsyas
1423 1474 1509 1529 ibi
1531 1474 1712 1530 reddi·

90 1553 210 1610 tur,
231 1551 411 1607 ortus,
433 1558 501 1597 ac
523 1542 692 1611 paulo
713 1555 846 1595 mox
867 1541 1147 1604 conditus,
1172 1543 1269 1593 ubi
1295 1545 1530 1613 certavit
1552 1545 1715 1599 tibia-

86 1630 220 1668 rum
245 1619 411 1667 cantu
433 1625 556 1667 cum
575 1609 1213 1678 Apolline,Auloerenis=
1236 1611 1319 1664 ita
1335 1619 1572 1667 vocatur
1585 1629 1713 1668 con·

87 1684 268 1737 vallis
287 1682 475 1736 decem
488 1681 567 1733 Μ.
578 1694 839 1750 passuum
861 1680 931 1732 ab
944 1678 1195 1747 Apamia,
1206 1678 1505 1750 Phrygiam
1523 1689 1710 1749 peten.

87 1754 268 1807 tibus.
328 1752 414 1804 Ex
448 1750 553 1805 hoc
588 1755 865 1808 conventu
885 1748 1088 1801 deceat
1107 1749 1407 1804 nominare
1428 1751 1712 1820 Metropo-

85 1824 267 1885 litas,
304 1819 800 1889 Dionysopolitas,
842 1815 1246 1885 Euphorbenos
1260 1854 1280 1883 ,
1317 1823 1708 1885 Acmonenses,

85 1891 384 1955 Peltenos,
406 1886 712 1943 Silbianos.
750 1887 981 1956 Reliqui,
991 1887 1272 1958 ignobiles
1290 1889 1390 1944 IX.
1421 1913 1426 1918 ·

169 1959 398 2015 Doridis
421 1959 480 2011 in
501 1959 656 2022 sinu,
690 1957 1059 2025 Leucopolis,
1092 1959 1457 2023 Hamaxitos,
1490 1960 1712 2026 Elaeus,

86 2029 374 2085 Euthene.
422 2027 567 2082 Dein
586 2027 783 2081 Cariae
803 2028 1029 2096 oppida,
1051 2027 1315 2094 Pitaium,
1338 2031 1575 2093 Eutane,
1598 2029 1712 2084 Ha·

84 2102 459 2156 licei-nassas.
517 2098 627 2151 Sex
646 2095 850 2165 oppida
866 2098 1199 2153 contributa
1221 2100 1274 2152 ei
1293 2105 1424 2153 sunt
1445 2114 1479 2152 a
1498 2100 1708 2182 Magno
1818 2103 1826 2117 '

86 2167 435 2230 Alexandro,
456 2164 798 2235 Theangela,
816 2166 1003 2230 Sibde,
1025 2155 1363 2231 Medmassa',
1385 2168 1711 2232 Euraniurn,

87 2238 402 2300 Pedasum,
438 2236 798 2302 Telmissum.
852 2236 1163 2289 Habitatur
1195 2237 1346 2290 inter
1373 2237 1513 2302 duos
1534 2238 1711 2303 sinus,

87 2308 444 2362 ceramicum
468 2313 531 2359 et
548 2306 769 2358 Iasium.
829 2304 965 2359 lnde
983 2305 1249 2373 Myndos,
1282 2312 1341 2359 et
1362 2306 1455 2358 ubi
1480 2307 1587 2359 fuit
1608 2306 1710 2361 Pa-

90 2377 451 2444 laemyndus,
462 2375 793 2439 Nariandus,
810 2374 1097 2441 Neapolis,
1111 2373 1423 2442 caryanda,
1435 2376 1711 2430 Termera

93 2444 589 2514 liberm-Bargyl&
600 2451 661 2499 et
676 2460 711 2497 a
728 2457 839 2512 quo
861 2444 1017 2495 sinus
1039 2442 1237 2506 lasius,
1252 2443 1515 2510 oppidum
1531 2445 1705 2498 lasus.

170 2514 677 2566 Cariainteriorum
701 2515 982 2565 nominum
1007 2510 1158 2565 fama
1176 2513 1480 2579 praenitet:
1504 2514 1707 2583 quippe

95 2585 181 2638 ibi
204 2588 337 2635 sunt
356 2582 581 2650 oppida,
615 2581 839 2649 Mylasa
856 2579 1058 2644 libera,
1081 2580 1394 2643 Antiochia,
1433 2582 1529 2634 ubi
1549 2583 1707 2638 fuere
1805 2579 1816 2588 ’

95 2648 455 2709 Seminethos
491 2657 549 2707 et
590 2652 839 2706 Cranaos
871 2649 1106 2724 oppidaz
1144 2665 1291 2709 nunc
1324 2665 1446 2709 eam
1477 2651 1706 2709 circuni·
