2009 3025
352 93 655 183 NATtJn.
695 131 1036 204 nls'toa.
1086 135 1248 196 Lm.
1287 136 1386 202 ιιι,
1424 86 1510 193 zo.
1615 140 1720 195 255

123 231 583 353 ἔξυξῗὲἰὲξὲωοη
607 249 714 311 qua
732 235 947 311 largius
963 238 1164 303 vomit,
1200 243 1413 324 septem
1432 226 1613 301 maria
1634 242 1721 294 ‹li--

190 367 440 434 Angusta
459 368 616 423 fossa
637 373 953 428 Ravennam
980 374 1242 440 trahitur,
1272 379 1369 431 ubi
1393 375 1613 429 Padusa
1631 375 1725 430 ro-

121 442 300 500 catur,
342 442 617 505 quondam
640 442 985 497 Messanicus
1018 447 1350 512 appellatus.
1399 445 1723 498 Proximum

119 505 255 590 inde
278 510 480 560 o‘stiu‘m
502 509 931 576 magnitudinem
956 522 1151 580 portus
1171 512 1357 577 habet,
1380 516 1472 580 qui
1488 513 1724 569 Vatreni

122 577 370 641 dicitur3
413 593 521 645 quo
565 581 825 630 Claudius
871 584 1078 634 Caesar
1118 598 1170 635 e*
1188 580 1482 635 Britannia
1523 582 1719 633 trium·

117 645 688 723 phania-praegrandi
731 650 830 700 illa
865 649 1030 702 domo
1075 651 1256 703 verius
1290 666 1453 718 quam
1476 664 1618 702 nave
1635 651 1716 703 in·

115 715 292 767 travit
329 716 567 767 Adriani.
624 719 752 768 Hoc
787 724 916 770 ante
938 718 1241 771 Eridanum
1276 721 1474 772 ostium
1512 720 1718 772 dictum

117 790 226 845 est,
261 783 386 835 aliis
409 785 767 851 Spineticum'
794 787 863 838 ab
885 788 1024 838 urbe
1046 787 1229 852 Spina,
1272 803 1412 854 quae
1434 787 1545 838 fuit
1563 789 1720 839 iuxta

113 853 460 919 praevalens,
492 861 554 904 ut
574 852 859 920 Delphicis
880 855 1149 906 creditum
1173 862 1259 907 est
1281 857 1574 918 thesauris,
1593 871 1717 906 con·

114 922 240 973 dita
274 936 309 971 a
331 922 617 974 Diomede.
672 925 851 992 Auget
872 924 953 976 ibi
976 925 1184 977 Padum
1210 924 1488 978 Vatrenus
1525 926 1715 987 amnis,

113 1005 186 1042 ex
211 989 693 1042 Forocorneliensi
716 1008 867 1060 agro.

188 1059 508 1111 Proximum
549 1061 680 1113 inde
717 1063 921 1114 ostium
957 1063 1292 1130 Caprasiae,
1352 1061 1481 1114 dein
1520 1060 1714 1128 Sagis:

113 1124 248 1178 dein
292 1126 521 1188 Volane,
567 1131 715 1196 quod
758 1133 1101 1184 ante-Olane
1143 1134 1461 1185 vocabatur.
1484 1129 1718 1181 ²'onmia

111 1194 445 1259 eassumina,
489 1197 799 1266 fossasque,
840 1201 1003 1267 primi
1043 1201 1230 1269 aSagi
1271 1201 1526 1254 fecereT
1638 1201 1714 1249 ci:

112 1270 314 1330 egesto
357 1266 532 1315 amnis
574 1267 781 1335 impetu
824 1283 922 1334 per
959 1276 1327 1321 transversum
1371 1271 1428 1320 in
1463 1268 1581 1322 Atn
1659 1281 1717 1317 o-

110 1344 249 1385 rum
289 1334 536 1397 paludes,
576 1348 716 1397 quae
749 1342 960 1400 septem
997 1341 1174 1390 maria
1206 1338 1577 1405 appellantur,
1597 1328 1714 1386 'Hio-

104 1401 221 1460 bili
265 1405 435 1471 portu
473 1400 657 1468 oppidi
695 1400 1041 1454 Thuscorum
1079 1407 1280 1468 Atriae,
1325 1423 1359 1458 a
1385 1419 1507 1471 ·quo
1539 1404 1718 1455 Atria-

107 1478 294 1529 ticum
335 1488 488 1527 mare
527 1474 659 1526 ante
697 1469 1116 1544 appellabatur,
1158 1474 1304 1541 quod
1342 1488 1487 1527 nunc
1514 1472 1715 1526 Adria-

109 1546 320 1598 ticum.

158 1614 326 1684 „Inde
359 1614 505 1666 ostia
543 1614 737 1681 plenae
777 1609 1168 1673 Carbonaria,⁴
1192 1623 1257 1663 ac
1297 1608 1572 1664 fossiones
1592 1611 1719 1664 Phi-

114 1683 366 1745 listinae,
410 1683 560 1749 quod
583 1684 684 1734 alii
705 1684 1000 1733 Tartarum
1032 1687 1259 1732 vocant:
1304 1680 1491 1731 omnia
1511 1695 1578 1734 ex
1596 1679 1724 1735 Pni-

114 1753 347 1804 listinae
369 1751 554 1803 fossae
578 1751 948 1803 abundatione
972 1749 1285 1800 nascentia:
1332 1748 1721 1801 accedentibus

115 1819 314 1874 Athesi
336 1836 404 1873 ex
416 1820 756 1872 Tridentinis
786 1817 1029 1883 Alpibus,
1073 1824 1132 1870 et
1154 1815 1445 1882 Togisono
1468 1829 1535 1866 ex
1558 1816 1719 1868 Pata-

114 1891 375 1941 vinorum
399 1891 563 1957 agris.
601 1889 739 1942 Pars
762 1902 952 1939 eorum
978 1895 1035 1939 et
1060 1886 1372 1953 proximum
1397 1887 1618 1950 portum
1639 1884 1718 1936 fe-

114 1961 196 2011 cit
216 1959 582 2020 Brundulum,
603 1961 749 2010 sicut
770 1957 1048 2008 Edi-onem
1072 1955 1326 2007 Medoaci
1353 1952 1479 2015 duo,
1503 1967 1569 2004 ac
1588 1950 1720 2003 Fos-

115 2043 180 2079 sa
221 2028 434 2080 Clodia.
493 2030 594 2079 His
617 2044 677 2079 se
703 2026 882 2079 Padus
925 2027 1147 2086 miscet,
1190 2040 1255 2075 ac
1275 2039 1374 2091 per
1395 2022 1532 2075 haec
1550 2020 1722 2073 effun-

116 2097 299 2149 dit-ur:
339 2097 656 2164 plerisque,
698 2103 761 2147 ut
799 2097 857 2146 in
897 2097 1151 2162 Aegypto
1193 2094 1389 2154 Nilus,
1431 2090 1579 2159 quod
1620 2105 1719 2141 vo-

115 2173 253 2219 cant
285 2167 480 2228 Delta,
519 2168 847 2234 triquetram
876 2166 1123 2232 *figuram
1163 2164 1311 2213 inter
1349 2163 1514 2228 Alpes
1553 2168 1719 2226 atque

116 2250 276 2287 oram
297 2237 464 2286 maris
487 2234 669 2285 facere
693 2234 962 2300 proditus,
1003 2232 1151 2283 stad.
1175 2231 1340 2281 duum
1367 2233 1442 2283 M.
1466 2231 1715 2282 circuitu.

114 2302 300 2359 Pudet
321 2304 595 2356 aGraecis
618 2304 820 2354 ltaliae
841 2304 1109 2354 rationem
1135 2299 1393 2351 mutuari.
1432 2299 1717 2352 Metrodo-

59 2399 68 2410 ·
112 2387 210 2425 rus
232 2379 414 2425 tamen
438 2372 692 2440 Scepsius
729 2372 884 2433 dicit,
923 2371 1180 2437 qnoniam
1214 2371 1364 2420 circa
1400 2367 1613 2421 fontem
1638 2384 1721 2421 ar-

112 2440 220 2496 bor
261 2443 434 2492 multa
473 2443 548 2492 sit
582 2443 735 2507 picea
756 2476 771 2502 ,
825 2440 1019 2508 quales
1051 2438 1270 2490 Gallice
1303 2443 1571 2489 vocentur
1613 2437 1716 2489 Pa·

114 2506 174 2563 di
194 2548 212 2573 ,
255 2509 360 2561 hoc
386 2525 582 2562 nomen
616 2512 915 2576 accepisse.
971 2508 1240 2575 Ligurum
1274 2505 1491 2574 quidem
1523 2509 1719 2574 lingua

115 2594 333 2632 amnem
348 2581 524 2645 ipsum
540 2579 848 2630 Bodincum
865 2577 1073 2639 vocari,
1098 2575 1244 2642 quod
1259 2578 1306 2626 si
1348 2576 1716 2628 nificetfundo

115 2654 416 2701 carentem.
479 2647 581 2699 Cui
621 2655 943 2716 argumento
979 2647 1139 2699 adest
1170 2647 1304 2712 oppi
1341 2661 1432 2697 um
1456 2647 1613 2699 iuxta
1632 2648 1716 2696 ln-
