2009 3025
284 160 985 215 NATUR-sffls'ron.
1033 163 1198 216 LIB.
1253 163 1356 216 lv.
1390 153 1472 216 2'7.
1502 165 1590 216 28.
1658 162 1811 218 293-
1860 203 1867 208 -

159 265 270 316 bus
294 264 414 315 ovis
445 265 626 334 avium
662 271 718 315 et
754 267 941 316 avenis
963 264 1182 317 incolae
1223 265 1423 316 vivant.
1492 267 1666 330 Aliae,
1706 268 1766 319 in

162 334 372 401 quibus
393 335 601 398 equinis
623 334 852 399 pedibus
874 332 1123 385 hominos
1146 341 1463 396 nascantur,
1485 335 1767 401 Hippopo-

166 403 267 453 des
291 402 572 467 appellati.
608 402 969 453 Fanesiorum
989 395 1218 464 aliae,in
1240 404 1432 469 quibus
1453 403 1602 454 nuda
1625 404 1762 454 alio·
1784 429 1793 444 .

166 472 301 537 quin
325 485 559 537 corpora
578 472 955 538 praegrandes
976 472 1223 537 ipsorum
1249 485 1411 523 aures
1436 471 1558 523 tota
1580 479 1765 525 conte·
1800 543 1805 550 ὅ
1900 475 1911 481 “

134 584 138 586 μ
162 547 320 607 gant.

234 606 441 674 Incipit
461 607 589 659 inde
609 607 817 662 clarior
836 609 1047 673 aperiri
1066 607 1219 676 fama
1242 610 1310 660 ab
1332 610 1768 676 gentelngaevo·

106 703 118 708 -
161 691 316 737 num,
336 691 473 743 quae
494 682 582 728 est
604 677 785 742 prima
800 678 931 738 inde
955 678 1307 730 Germaniae.
1345 678 1489 728 Sero
1509 693 1669 728 mons
1691 677 1769 728 ibi

160 745 494 807 immensus,
535 760 635 796 nec
659 743 918 812 Riphaeis
939 746 1086 813 iugis
1109 747 1318 806 minor,
1355 746 1656 797 immanem
1697 745 1771 796 ad
1798 757 1821 770 r

162 816 516 866 Cimbrorum
540 816 1174 880 usquepromontorium
1209 814 1380 866 efficit
1417 815 1630 876 sinum,
1673 814 1770 879 qui

160 882 430 934 Codanus
452 890 699 945 vocatur,
733 884 971 935 refertus
992 882 1226 934 insulis:
1270 896 1501 948 quarum
1525 881 1769 932 clarissi-

160 966 257 1003 ma
280 950 648 1003 scandinavia
672 957 776 1012 est,
796 952 1169 1017 incompertae
1194 950 1622 1017 magnitudinis,
1647 965 1770 1016 por·

157 1022 375 1086 tionem
399 1024 613 1071 tantum
637 1020 787 1080 eius,
828 1020 979 1086 quod
1014 1021 1088 1069 sit
1118 1026 1308 1070 notum
1326 1053 1342 1079 ,
1386 1018 1769 1071 Hillevionum

160 1094 332 1158 gente
366 1087 416 1138 D
436 1086 711 1144 incolente
730 1090 910 1155 pagis,
950 1102 1092 1154 quae
1114 1088 1349 1138 alterum
1375 1088 1565 1139 orbem
1588 1095 1766 1138 terra-

126 1179 130 1183 ·
162 1161 288 1208 rum
312 1156 716 1222 eamappellat.
787 1158 904 1208 Nec
922 1164 1007 1208 est
1028 1158 1208 1207 minor
1231 1145 1487 1221 opinione
1508 1157 1768 1224 Eningia.

162 1223 407 1286 Quidam
423 1223 564 1282 haec
584 1224 826 1278 habitari
849 1225 918 1277 ad
941 1224 1216 1276 Vistulam
1259 1240 1432 1291 usque
1473 1224 1699 1276 fluvium
1733 1241 1770 1276 a

159 1292 463 1355 Sarmatis,
504 1292 766 1356 Venedis,
805 1293 993 1354 Scitis,
1035 1294 1226 1343 Hirris
1255 1295 1501 1350 tradunt.
1572 1293 1765 1344 Sinum

160 1362 499 1429 Cylipenum
518 1362 730 1413 vocari:
774 1365 909 1413 etin
944 1363 1086 1411 ostio
1125 1363 1247 1411 eius
1287 1360 1520 1409 insulam
1552 1359 1769 1411 Latrin.

159 1431 304 1482 Mox
328 1429 565 1480 alterum
587 1432 770 1480 sinum
793 1429 1060 1494 Lagnum,
1084 1428 1487 1478 conterminum
1514 1427 1770 1482 Cimbris.

158 1498 616 1554 promontorium
637 1499 985 1549 Cimbrorum
1008 1505 1304 1546 excurrens
1324 1494 1380 1545 in
1405 1494 1580 1545 maria
1602 1494 1772 1563 longe

159 1568 514 1635 peninsulam
538 1567 724 1628 efficit,
749 1579 889 1634 quae
913 1565 1125 1614 Cartris
1149 1563 1478 1628 appellatur.
1524 1565 1695 1616 -.Tres
1716 1571 1773 1615 et

156 1638 364 1703 viginti
386 1632 515 1688 inde
534 1635 750 1687 insulae
773 1636 1144 1685 Romanorum
1166 1631 1332 1681 armis
1356 1629 1630 1697 cognitae.
1666 1633 1773 1683 Ea-

157 1720 289 1757 rum
314 1701 712 1763 nobilissimae,
752 1699 1070 1762 Burchana,
1112 1699 1356 1757 Fabaria
1376 1700 1579 1751 nostris
1602 1700 1773 1762 dicta,

158 1792 202 1827 a
227 1774 405 1839 frugis
429 1771 788 1824 similitudine
811 1776 1007 1836 sponte
1027 1769 1421 1835 provenientis.
1458 1768 1592 1818 item
1604 1744 1799 1861 (alles-g

157 1842 348 1903 saria,
389 1857 424 1893 a
455 1842 681 1894 succino
718 1839 954 1891 militiae
974 1838 1282 1905 appellatae
1325 1852 1360 1890 a
1383 1836 1648 1889 Barbaria
1664 1838 1799 1921 Ati-*3

145 1910 454 2031 μεωῄῗῖῗ
488 1917 772 1990 aeterqug
770 1907 1017 1959 Actania.
1169 1975 1185 1989 .
1483 1974 1495 1987 ⁶
1665 1912 1733 1951 *a
1792 1928 1801 1943 ·

234 1980 345 2033 XX
397 1980 421 2030 1
475 2015 489 2030 .
578 1985 675 2031 oto
698 1974 1014 2047 auteffi'lioc
1045 1991 1188 2028 mari
1219 1974 1290 2027 ad
1312 1970 1553 2028 Scaldim
1593 1988 1770 2045 nsque

157 2049 419 2110 fluvium,
457 2047 820 2099 Germanicae
843 2045 1101 2097 accolunt
1122 2051 1317 2112 gentes
1337 2042 1487 2094 baud
1526 2042 1766 2108 explica·

159 2117 268 2173 bili
291 2131 581 2169 mensurat
621 2125 735 2170 tam
758 2114 1058 2166 immodica
1100 2114 1451 2180 prodentium
1491 2110 1772 2161 discordia

160 2192 269 2243 est.
363 2184 564 2249 Graeci
605 2191 664 2237 et
722 2183 943 2251 quidam
989 2182 1200 2244 nostri2
1252 2181 1425 2231 vicies
1481 2179 1770 2245 quinquies

159 2259 405 2307 centena
446 2252 622 2305 millia
662 2267 920 2318 passuum
961 2265 1114 2302 oram
1157 2247 1486 2301 Germaniae
1524 2247 1772 2299 tradide-

160 2329 315 2375 runt.
379 2323 627 2387 Agrippa
649 2337 769 2372 eum
794 2318 1031 2372 Rhaetia
1050 2325 1108 2371 et
1124 2317 1332 2369 Norico
1364 2315 1768 2382 longitudinem

126 2414 134 2418 ·
158 2390 607 2443 Denxxxxvl
626 2390 800 2441 millia
824 2403 1100 2454 passuum,
1120 2385 1476 2455 latitudinem
1499 2384 1768 2435 cxnvffl

162 2460 245 2515 Μ.
269 2457 537 2510 Rhaetiae
559 2472 729 2529 prope
751 2458 913 2508 unius
937 2456 1147 2506 maiore
1171 2452 1491 2514 latitudine,
1507 2465 1640 2504 sane
1663 2452 1768 2503 cir-

164 2545 233 2580 ca
253 2540 537 2587 excessum
561 2527 679 2578 eius
701 2529 982 2589 subactae.
1030 2523 1196 2575 'Nam
1241 2522 1540 2575 Germania
1574 2520 1769 2571 multis

162 2602 367 2664 postea
388 2596 563 2658 annis,
576 2610 687 2649 nec
707 2601 849 2657 tota,
871 2592 1200 2661 percognita
1218 2599 1318 2643 est.
1375 2589 1435 2642 Si
1457 2591 1768 2642 coniectare

161 2665 541 2734 permittitur,
578 2661 729 2719 haud
760 2663 997 2718 multum
1042 2677 1173 2717 orae
1213 2656 1393 2715 deerit
1426 2660 1781 2721 Graecorum-

326 2819 388 2897 ‚l-
