<?xml version="1.0" encoding="UTF-8"?>
<!DOCTYPE html PUBLIC "-//W3C//DTD XHTML 1.0 Transitional//EN"
    "http://www.w3.org/TR/xhtml1/DTD/xhtml1-transitional.dtd">
<html xmlns="http://www.w3.org/1999/xhtml" xml:lang="en" lang="en">
 <head>
  <title>
</title>
<meta http-equiv="Content-Type" content="text/html;charset=utf-8" />
  <meta name='ocr-system' content='tesseract 3.04.00' />
  <meta name='ocr-capabilities' content='ocr_page ocr_carea ocr_par ocr_line ocrx_word'/>
</head>
<body>
  <div class='ocr_page' id='page_1' title='image "./caiipliniisecun04plingoog_0153.png"; bbox 0 0 2009 3025; ppageno 0'>
   <div class='ocr_carea' id='block_1_1' title="bbox 351 206 1797 265">
    <p class='ocr_par' dir='ltr' id='par_1_1' title="bbox 351 206 1797 265">
     <span class='ocr_line' id='line_1_1' title="bbox 351 206 1797 265; baseline 0.001 -1"><span class='ocrx_word' id='word_1_1' title='bbox 351 207 656 264; x_wconf 72' lang='lat' dir='ltr'><strong>Ns&#39;run.</strong></span> <span class='ocrx_word' id='word_1_2' title='bbox 729 206 1071 262; x_wconf 83' lang='lat' dir='ltr'><strong>HISTOR.</strong></span> <span class='ocrx_word' id='word_1_3' title='bbox 1140 208 1299 262; x_wconf 88' lang='lat' dir='ltr'><strong>LIB.</strong></span> <span class='ocrx_word' id='word_1_4' title='bbox 1371 210 1414 262; x_wconf 87' lang='lat' dir='ltr'><strong>I.</strong></span> <span class='ocrx_word' id='word_1_5' title='bbox 1539 208 1680 262; x_wconf 76' lang='grc'><strong>,145</strong></span> <span class='ocrx_word' id='word_1_6' title='bbox 1790 252 1797 265; x_wconf 82' lang='grc'>.</span> 
     </span>
    </p>
   </div>
   <div class='ocr_carea' id='block_1_2' title="bbox 77 295 1683 799">
    <p class='ocr_par' dir='ltr' id='par_1_2' title="bbox 77 295 1457 381">
     <span class='ocr_line' id='line_1_2' title="bbox 77 295 1457 381; baseline -0.002 -15"><span class='ocrx_word' id='word_1_7' title='bbox 77 315 179 371; x_wconf 75' lang='lat' dir='ltr'><strong>IX.</strong></span> <span class='ocrx_word' id='word_1_8' title='bbox 410 313 627 366; x_wconf 84' lang='lat' dir='ltr'><strong>Natura</strong></span> <span class='ocrx_word' id='word_1_9' title='bbox 648 295 921 381; x_wconf 73' lang='lat' dir='ltr'><strong>crystaIII,</strong></span> <span class='ocrx_word' id='word_1_10' title='bbox 952 311 1262 366; x_wconf 72' lang='lat' dir='ltr'>medicinae</span> <span class='ocrx_word' id='word_1_11' title='bbox 1281 326 1353 366; x_wconf 87' lang='lat' dir='ltr'><strong>ex</strong></span> <span class='ocrx_word' id='word_1_12' title='bbox 1375 327 1457 366; x_wconf 85' lang='lat' dir='ltr'><strong>ea.</strong></span> 
     </span>
    </p>

    <p class='ocr_par' dir='ltr' id='par_1_3' title="bbox 78 382 1049 449">
     <span class='ocr_line' id='line_1_3' title="bbox 78 382 1049 449; baseline -0.002 -13"><span class='ocrx_word' id='word_1_13' title='bbox 78 383 155 436; x_wconf 86' lang='lat' dir='ltr'><strong>X.</strong></span> <span class='ocrx_word' id='word_1_14' title='bbox 410 382 660 435; x_wconf 79' lang='lat' dir='ltr'><strong>Luxuria</strong></span> <span class='ocrx_word' id='word_1_15' title='bbox 684 387 739 433; x_wconf 85' lang='lat' dir='ltr'><strong>in</strong></span> <span class='ocrx_word' id='word_1_16' title='bbox 760 382 1049 449; x_wconf 82' lang='lat' dir='ltr'><strong>crystallo.</strong></span> 
     </span>
    </p>

    <p class='ocr_par' dir='ltr' id='par_1_4' title="bbox 80 451 1681 574">
     <span class='ocr_line' id='line_1_4' title="bbox 80 451 1681 513; baseline -0.001 -6"><span class='ocrx_word' id='word_1_17' title='bbox 80 453 183 507; x_wconf 86' lang='lat' dir='ltr'><strong>XI.</strong></span> <span class='ocrx_word' id='word_1_18' title='bbox 411 451 500 505; x_wconf 84' lang='lat' dir='ltr'><strong>De</strong></span> <span class='ocrx_word' id='word_1_19' title='bbox 524 452 773 505; x_wconf 85' lang='lat' dir='ltr'><strong>succino:</strong></span> <span class='ocrx_word' id='word_1_20' title='bbox 814 452 926 513; x_wconf 77' lang='lat' dir='ltr'><strong>Qui</strong></span> <span class='ocrx_word' id='word_1_21' title='bbox 943 451 1159 505; x_wconf 81' lang='lat' dir='ltr'><strong>inventi</strong></span> <span class='ocrx_word' id='word_1_22' title='bbox 1178 457 1311 505; x_wconf 84' lang='lat' dir='ltr'><strong>sunt</strong></span> <span class='ocrx_word' id='word_1_23' title='bbox 1331 456 1590 504; x_wconf 80' lang='lat' dir='ltr'><strong>auctores</strong></span> <span class='ocrx_word' id='word_1_24' title='bbox 1611 451 1681 505; x_wconf 83' lang='lat' dir='ltr'><strong>de</strong></span> 
     </span>
     <span class='ocr_line' id='line_1_5' title="bbox 477 528 1047 574; baseline -0.007 0"><span class='ocrx_word' id='word_1_25' title='bbox 477 535 562 574; x_wconf 88' lang='lat' dir='ltr'><strong>eo.</strong></span> <span class='ocrx_word' id='word_1_26' title='bbox 1032 528 1047 545; x_wconf 75' lang='grc'><strong>’</strong></span> 
     </span>
    </p>

    <p class='ocr_par' dir='ltr' id='par_1_5' title="bbox 77 587 1682 654">
     <span class='ocr_line' id='line_1_6' title="bbox 77 587 1682 654; baseline -0.002 -11"><span class='ocrx_word' id='word_1_27' title='bbox 77 590 202 653; x_wconf 84' lang='lat' dir='ltr'><strong>xu.</strong></span> <span class='ocrx_word' id='word_1_28' title='bbox 319 602 324 611; x_wconf 75' lang='lat'><em>·</em></span> <span class='ocrx_word' id='word_1_29' title='bbox 414 590 633 642; x_wconf 79' lang='lat' dir='ltr'>Genera</span> <span class='ocrx_word' id='word_1_30' title='bbox 653 591 1016 654; x_wconf 85' lang='lat' dir='ltr'><strong>succinorum,</strong></span> <span class='ocrx_word' id='word_1_31' title='bbox 1030 590 1126 645; x_wconf 91' lang='lat' dir='ltr'><strong>VI.</strong></span> <span class='ocrx_word' id='word_1_32' title='bbox 1150 590 1470 644; x_wconf 72' lang='lat' dir='ltr'><strong>Medicinae</strong></span> <span class='ocrx_word' id='word_1_33' title='bbox 1491 604 1562 643; x_wconf 87' lang='lat' dir='ltr'><strong>ex</strong></span> <span class='ocrx_word' id='word_1_34' title='bbox 1579 587 1682 641; x_wconf 73' lang='lat' dir='ltr'><strong>hIs.</strong></span> 
     </span>
    </p>

    <p class='ocr_par' dir='ltr' id='par_1_6' title="bbox 78 652 1096 728">
     <span class='ocr_line' id='line_1_7' title="bbox 78 652 1096 728; baseline 0 -16"><span class='ocrx_word' id='word_1_35' title='bbox 78 652 230 713; x_wconf 81' lang='lat' dir='ltr'><strong>xm.</strong></span> <span class='ocrx_word' id='word_1_36' title='bbox 408 659 782 728; x_wconf 81' lang='lat' dir='ltr'><strong>Lyngurium,</strong></span> <span class='ocrx_word' id='word_1_37' title='bbox 801 658 1008 712; x_wconf 80' lang='lat' dir='ltr'><strong>medic.</strong></span> <span class='ocrx_word' id='word_1_38' title='bbox 1027 659 1096 712; x_wconf 91' lang='lat'><strong>11.</strong></span> 
     </span>
    </p>

    <p class='ocr_par' dir='ltr' id='par_1_7' title="bbox 80 727 1683 799">
     <span class='ocr_line' id='line_1_8' title="bbox 80 727 1683 799; baseline -0.001 -16"><span class='ocrx_word' id='word_1_39' title='bbox 80 727 233 784; x_wconf 87' lang='lat' dir='ltr'><strong>XIV.</strong></span> <span class='ocrx_word' id='word_1_40' title='bbox 409 727 494 782; x_wconf 87' lang='lat' dir='ltr'><strong>De</strong></span> <span class='ocrx_word' id='word_1_41' title='bbox 514 730 750 797; x_wconf 82' lang='lat' dir='ltr'><strong>gemmis</strong></span> <span class='ocrx_word' id='word_1_42' title='bbox 770 744 870 798; x_wconf 85' lang='lat' dir='ltr'><strong>per</strong></span> <span class='ocrx_word' id='word_1_43' title='bbox 888 742 1095 798; x_wconf 82' lang='lat' dir='ltr'><strong>genera</strong></span> <span class='ocrx_word' id='word_1_44' title='bbox 1123 728 1376 783; x_wconf 82' lang='lat' dir='ltr'><strong>colorum</strong></span> <span class='ocrx_word' id='word_1_45' title='bbox 1405 729 1683 799; x_wconf 78' lang='lat' dir='ltr'><strong>prinpra·</strong></span> 
     </span>
    </p>
   </div>
   <div class='ocr_carea' id='block_1_3' title="bbox 17 797 1694 2864">
    <p class='ocr_par' dir='ltr' id='par_1_8' title="bbox 17 797 1694 2581">
     <span class='ocr_line' id='line_1_9' title="bbox 341 797 639 850; baseline 0.003 -1"><span class='ocrx_word' id='word_1_46' title='bbox 341 840 358 849; x_wconf 82' lang='grc'><strong>-</strong></span> <span class='ocrx_word' id='word_1_47' title='bbox 485 797 639 850; x_wconf 85' lang='lat' dir='ltr'><strong>lium.</strong></span> 
     </span>
     <span class='ocr_line' id='line_1_10' title="bbox 81 865 1442 931; baseline -0.001 -10"><span class='ocrx_word' id='word_1_48' title='bbox 81 865 210 921; x_wconf 87' lang='lat' dir='ltr'><strong>XV.</strong></span> <span class='ocrx_word' id='word_1_49' title='bbox 418 867 641 921; x_wconf 80' lang='lat' dir='ltr'>Genera</span> <span class='ocrx_word' id='word_1_50' title='bbox 660 867 995 931; x_wconf 77' lang='lat' dir='ltr'><strong>adamantis,</strong></span> <span class='ocrx_word' id='word_1_51' title='bbox 1014 865 1109 920; x_wconf 87' lang='lat' dir='ltr'><strong>VI.</strong></span> <span class='ocrx_word' id='word_1_52' title='bbox 1147 866 1442 922; x_wconf 62' lang='lat' dir='ltr'><strong>Media-11.</strong></span> 
     </span>
     <span class='ocr_line' id='line_1_11' title="bbox 83 935 856 1005; baseline -0.001 -15"><span class='ocrx_word' id='word_1_53' title='bbox 83 936 234 990; x_wconf 87' lang='lat' dir='ltr'><strong>XVI.</strong></span> <span class='ocrx_word' id='word_1_54' title='bbox 281 971 292 987; x_wconf 82' lang='lat'><strong>.</strong></span> <span class='ocrx_word' id='word_1_55' title='bbox 414 935 502 990; x_wconf 89' lang='lat' dir='ltr'><strong>De</strong></span> <span class='ocrx_word' id='word_1_56' title='bbox 525 937 856 1005; x_wconf 73' lang='lat' dir='ltr'><strong>smaragdis.</strong></span> 
     </span>
     <span class='ocr_line' id='line_1_12' title="bbox 78 1005 871 1060; baseline 0 0"><span class='ocrx_word' id='word_1_57' title='bbox 78 1005 260 1060; x_wconf 88' lang='lat' dir='ltr'><strong>XVII.</strong></span> <span class='ocrx_word' id='word_1_58' title='bbox 419 1006 640 1058; x_wconf 79' lang='lat' dir='ltr'><strong>Genera</strong></span> <span class='ocrx_word' id='word_1_59' title='bbox 662 1022 871 1060; x_wconf 86' lang='lat' dir='ltr'><strong>eorum.</strong></span> 
     </span>
     <span class='ocr_line' id='line_1_13' title="bbox 84 1074 808 1129; baseline 0.001 -2"><span class='ocrx_word' id='word_1_60' title='bbox 84 1074 284 1127; x_wconf 88' lang='lat' dir='ltr'><strong>XVIII.</strong></span> <span class='ocrx_word' id='word_1_61' title='bbox 418 1074 580 1127; x_wconf 87' lang='lat' dir='ltr'><strong>Vitia</strong></span> <span class='ocrx_word' id='word_1_62' title='bbox 599 1089 808 1129; x_wconf 85' lang='lat' dir='ltr'><strong>eorum.</strong></span> 
     </span>
     <span class='ocr_line' id='line_1_14' title="bbox 81 1143 1228 1216; baseline -0.001 -19"><span class='ocrx_word' id='word_1_63' title='bbox 81 1143 235 1197; x_wconf 84' lang='lat' dir='ltr'><strong>XIX.</strong></span> <span class='ocrx_word' id='word_1_64' title='bbox 416 1145 623 1197; x_wconf 87' lang='lat' dir='ltr'><strong>Tanos.</strong></span> <span class='ocrx_word' id='word_1_65' title='bbox 669 1144 1228 1216; x_wconf 71' lang='lat' dir='ltr'><strong>Chaleqsmaragdos.</strong></span> 
     </span>
     <span class='ocr_line' id='line_1_15' title="bbox 80 1210 1688 1284; baseline -0.001 -18"><span class='ocrx_word' id='word_1_66' title='bbox 80 1213 210 1266; x_wconf 88' lang='lat' dir='ltr'><strong>XX.</strong></span> <span class='ocrx_word' id='word_1_67' title='bbox 415 1214 504 1268; x_wconf 89' lang='lat' dir='ltr'><strong>De</strong></span> <span class='ocrx_word' id='word_1_68' title='bbox 544 1214 803 1283; x_wconf 77' lang='lat' dir='ltr'>beryllis:</span> <span class='ocrx_word' id='word_1_69' title='bbox 846 1230 1058 1284; x_wconf 82' lang='lat' dir='ltr'><strong>genera</strong></span> <span class='ocrx_word' id='word_1_70' title='bbox 1094 1230 1291 1269; x_wconf 83' lang='lat' dir='ltr'><strong>eorum</strong></span> <span class='ocrx_word' id='word_1_71' title='bbox 1331 1213 1473 1271; x_wconf 87' lang='lat' dir='ltr'><strong>vm.</strong></span> <span class='ocrx_word' id='word_1_72' title='bbox 1530 1210 1688 1265; x_wconf 78' lang='lat' dir='ltr'><strong>Vitia</strong></span> 
     </span>
     <span class='ocr_line' id='line_1_16' title="bbox 201 1299 1113 1336; baseline -0.001 0"><span class='ocrx_word' id='word_1_73' title='bbox 201 1301 210 1313; x_wconf 82' lang='lat'><em>·</em></span> <span class='ocrx_word' id='word_1_74' title='bbox 486 1299 695 1336; x_wconf 85' lang='lat' dir='ltr'><strong>eorum.</strong></span> <span class='ocrx_word' id='word_1_75' title='bbox 1096 1318 1113 1325; x_wconf 86' lang='lat'><em>-</em></span> 
     </span>
     <span class='ocr_line' id='line_1_17' title="bbox 75 1351 1317 1420; baseline 0 -15"><span class='ocrx_word' id='word_1_76' title='bbox 75 1351 235 1405; x_wconf 85' lang='lat' dir='ltr'><strong>XXI.</strong></span> <span class='ocrx_word' id='word_1_77' title='bbox 410 1351 501 1404; x_wconf 87' lang='lat' dir='ltr'><strong>De</strong></span> <span class='ocrx_word' id='word_1_78' title='bbox 525 1352 732 1418; x_wconf 81' lang='lat' dir='ltr'><strong>opalis=</strong></span> <span class='ocrx_word' id='word_1_79' title='bbox 757 1366 963 1420; x_wconf 82' lang='lat' dir='ltr'><strong>genera</strong></span> <span class='ocrx_word' id='word_1_80' title='bbox 983 1368 1177 1408; x_wconf 86' lang='lat' dir='ltr'><strong>eorum</strong></span> <span class='ocrx_word' id='word_1_81' title='bbox 1200 1352 1317 1406; x_wconf 85' lang='lat' dir='ltr'><strong>vn.</strong></span> 
     </span>
     <span class='ocr_line' id='line_1_18' title="bbox 17 1419 1284 1490; baseline -0.001 -16"><span class='ocrx_word' id='word_1_82' title='bbox 17 1432 20 1487; x_wconf 58' lang='lat' dir='ltr'><strong>g,</strong></span> <span class='ocrx_word' id='word_1_83' title='bbox 76 1419 260 1474; x_wconf 90' lang='lat' dir='ltr'><strong>XXII.</strong></span> <span class='ocrx_word' id='word_1_84' title='bbox 415 1421 577 1474; x_wconf 85' lang='lat' dir='ltr'><strong>Vitia</strong></span> <span class='ocrx_word' id='word_1_85' title='bbox 599 1426 657 1473; x_wconf 82' lang='lat' dir='ltr'><strong>et</strong></span> <span class='ocrx_word' id='word_1_86' title='bbox 678 1424 1058 1490; x_wconf 78' lang='lat' dir='ltr'><strong>experimenta</strong></span> <span class='ocrx_word' id='word_1_87' title='bbox 1075 1438 1284 1476; x_wconf 88' lang='lat' dir='ltr'><strong>eorum.</strong></span> 
     </span>
     <span class='ocr_line' id='line_1_19' title="bbox 77 1488 897 1559; baseline 0.002 -19"><span class='ocrx_word' id='word_1_88' title='bbox 77 1488 290 1547; x_wconf 80' lang='lat' dir='ltr'><strong>XXIII.</strong></span> <span class='ocrx_word' id='word_1_89' title='bbox 419 1488 511 1542; x_wconf 85' lang='lat' dir='ltr'><strong>De</strong></span> <span class='ocrx_word' id='word_1_90' title='bbox 532 1489 897 1559; x_wconf 71' lang='lat' dir='ltr'><strong>sardonyche.</strong></span> 
     </span>
     <span class='ocr_line' id='line_1_20' title="bbox 75 1556 1186 1625; baseline -0.005 -9"><span class='ocrx_word' id='word_1_91' title='bbox 75 1556 285 1616; x_wconf 83' lang='lat' dir='ltr'><strong>XXIV.</strong></span> <span class='ocrx_word' id='word_1_92' title='bbox 424 1558 515 1610; x_wconf 89' lang='lat' dir='ltr'><strong>De</strong></span> <span class='ocrx_word' id='word_1_93' title='bbox 536 1558 773 1625; x_wconf 81' lang='lat' dir='ltr'>onyche:</span> <span class='ocrx_word' id='word_1_94' title='bbox 819 1573 1028 1625; x_wconf 82' lang='lat' dir='ltr'><strong>genera</strong></span> <span class='ocrx_word' id='word_1_95' title='bbox 1044 1558 1186 1610; x_wconf 87' lang='lat' dir='ltr'><strong>eius.</strong></span> 
     </span>
     <span class='ocr_line' id='line_1_21' title="bbox 77 1625 1508 1693; baseline -0.003 -12"><span class='ocrx_word' id='word_1_96' title='bbox 77 1628 257 1687; x_wconf 59' lang='lat' dir='ltr'><strong>XXV.</strong></span> <span class='ocrx_word' id='word_1_97' title='bbox 423 1625 514 1678; x_wconf 89' lang='lat' dir='ltr'><strong>De</strong></span> <span class='ocrx_word' id='word_1_98' title='bbox 533 1627 903 1680; x_wconf 80' lang='lat' dir='ltr'><strong>carbunculis:</strong></span> <span class='ocrx_word' id='word_1_99' title='bbox 948 1627 1154 1693; x_wconf 81' lang='lat' dir='ltr'><strong>genera</strong></span> <span class='ocrx_word' id='word_1_100' title='bbox 1175 1641 1365 1679; x_wconf 86' lang='lat' dir='ltr'><strong>eorum</strong></span> <span class='ocrx_word' id='word_1_101' title='bbox 1385 1626 1508 1677; x_wconf 87' lang='lat' dir='ltr'><strong>XII.</strong></span> 
     </span>
     <span class='ocr_line' id='line_1_22' title="bbox 82 1695 1313 1761; baseline -0.005 -8"><span class='ocrx_word' id='word_1_102' title='bbox 82 1697 289 1753; x_wconf 82' lang='lat' dir='ltr'><strong>XXVI.</strong></span> <span class='ocrx_word' id='word_1_103' title='bbox 425 1696 584 1749; x_wconf 86' lang='lat' dir='ltr'><strong>Vitia</strong></span> <span class='ocrx_word' id='word_1_104' title='bbox 606 1711 815 1761; x_wconf 89' lang='lat' dir='ltr'><strong>eorum,</strong></span> <span class='ocrx_word' id='word_1_105' title='bbox 835 1702 894 1749; x_wconf 81' lang='lat' dir='ltr'><strong>et</strong></span> <span class='ocrx_word' id='word_1_106' title='bbox 915 1695 1313 1761; x_wconf 80' lang='lat' dir='ltr'><strong>experimenta.</strong></span> 
     </span>
     <span class='ocr_line' id='line_1_23' title="bbox 83 1765 788 1822; baseline -0.007 1"><span class='ocrx_word' id='word_1_107' title='bbox 83 1767 318 1822; x_wconf 78' lang='lat' dir='ltr'><strong>XXVII.</strong></span> <span class='ocrx_word' id='word_1_108' title='bbox 423 1765 788 1818; x_wconf 60' lang='lat' dir='ltr'><strong>Anthi-acuis,</strong></span> 
     </span>
     <span class='ocr_line' id='line_1_24' title="bbox 84 1832 1293 1899; baseline -0.004 -9"><span class='ocrx_word' id='word_1_109' title='bbox 84 1836 342 1890; x_wconf 82' lang='lat' dir='ltr'><strong>XXVIII.</strong></span> <span class='ocrx_word' id='word_1_110' title='bbox 415 1834 776 1899; x_wconf 82' lang='lat' dir='ltr'><strong>Sandrastos,</strong></span> <span class='ocrx_word' id='word_1_111' title='bbox 800 1836 918 1887; x_wconf 62' lang='lat' dir='ltr'><strong>sit-e</strong></span> <span class='ocrx_word' id='word_1_112' title='bbox 937 1832 1293 1887; x_wconf 70' lang='lat' dir='ltr'><strong>sandaresus.</strong></span> 
     </span>
     <span class='ocr_line' id='line_1_25' title="bbox 88 1902 1267 1974; baseline -0.003 -15"><span class='ocrx_word' id='word_1_113' title='bbox 88 1905 297 1959; x_wconf 84' lang='lat' dir='ltr'><strong>XXIX.</strong></span> <span class='ocrx_word' id='word_1_114' title='bbox 425 1903 752 1974; x_wconf 82' lang='lat' dir='ltr'><strong>Lychnites.</strong></span> <span class='ocrx_word' id='word_1_115' title='bbox 793 1903 1014 1957; x_wconf 79' lang='lat' dir='ltr'><strong>Genera</strong></span> <span class='ocrx_word' id='word_1_116' title='bbox 1036 1902 1155 1956; x_wconf 87' lang='lat' dir='ltr'><strong>eius</strong></span> <span class='ocrx_word' id='word_1_117' title='bbox 1176 1902 1267 1956; x_wconf 91' lang='lat' dir='ltr'><strong>IV.</strong></span> 
     </span>
     <span class='ocr_line' id='line_1_26' title="bbox 84 1973 1242 2032; baseline -0.004 0"><span class='ocrx_word' id='word_1_118' title='bbox 84 1975 267 2032; x_wconf 83' lang='lat' dir='ltr'><strong>XXX.</strong></span> <span class='ocrx_word' id='word_1_119' title='bbox 426 1973 856 2028; x_wconf 80' lang='lat' dir='ltr'><strong>Carchedonius.</strong></span> <span class='ocrx_word' id='word_1_120' title='bbox 1236 2021 1242 2027; x_wconf 94' lang='lat'><strong>.</strong></span> 
     </span>
     <span class='ocr_line' id='line_1_27' title="bbox 85 2041 1116 2111; baseline -0.004 -15"><span class='ocrx_word' id='word_1_121' title='bbox 85 2044 299 2097; x_wconf 82' lang='lat' dir='ltr'><strong>XXXI.</strong></span> <span class='ocrx_word' id='word_1_122' title='bbox 427 2044 633 2096; x_wconf 82' lang='lat' dir='ltr'><strong>Sarda:</strong></span> <span class='ocrx_word' id='word_1_123' title='bbox 680 2055 885 2111; x_wconf 88' lang='lat' dir='ltr'><strong>genera</strong></span> <span class='ocrx_word' id='word_1_124' title='bbox 906 2043 1025 2095; x_wconf 88' lang='lat' dir='ltr'><strong>eius</strong></span> <span class='ocrx_word' id='word_1_125' title='bbox 1049 2041 1116 2094; x_wconf 90' lang='lat' dir='ltr'><strong>V.</strong></span> 
     </span>
     <span class='ocr_line' id='line_1_28' title="bbox 85 2111 1260 2180; baseline -0.003 -14"><span class='ocrx_word' id='word_1_126' title='bbox 85 2112 344 2167; x_wconf 55' lang='lat' dir='ltr'><strong>xxxu:</strong></span> <span class='ocrx_word' id='word_1_127' title='bbox 421 2112 510 2167; x_wconf 84' lang='lat' dir='ltr'><strong>De</strong></span> <span class='ocrx_word' id='word_1_128' title='bbox 530 2113 782 2180; x_wconf 82' lang='lat' dir='ltr'><strong>topazio:</strong></span> <span class='ocrx_word' id='word_1_129' title='bbox 825 2126 1031 2179; x_wconf 81' lang='lat' dir='ltr'><strong>genera</strong></span> <span class='ocrx_word' id='word_1_130' title='bbox 1049 2113 1170 2165; x_wconf 82' lang='lat' dir='ltr'><strong>eius</strong></span> <span class='ocrx_word' id='word_1_131' title='bbox 1191 2111 1260 2163; x_wconf 90' lang='lat' dir='ltr'><strong>II.</strong></span> 
     </span>
     <span class='ocr_line' id='line_1_29' title="bbox 87 2182 796 2236; baseline -0.001 -2"><span class='ocrx_word' id='word_1_132' title='bbox 87 2182 351 2236; x_wconf 84' lang='lat' dir='ltr'><strong>XXXIII.</strong></span> <span class='ocrx_word' id='word_1_133' title='bbox 429 2182 516 2236; x_wconf 88' lang='lat' dir='ltr'><strong>De</strong></span> <span class='ocrx_word' id='word_1_134' title='bbox 538 2183 796 2236; x_wconf 84' lang='lat' dir='ltr'><strong>callaina.</strong></span> 
     </span>
     <span class='ocr_line' id='line_1_30' title="bbox 86 2249 1249 2320; baseline -0.003 -16"><span class='ocrx_word' id='word_1_135' title='bbox 86 2252 355 2305; x_wconf 85' lang='lat' dir='ltr'><strong>XXXIV.</strong></span> <span class='ocrx_word' id='word_1_136' title='bbox 424 2250 513 2305; x_wconf 88' lang='lat' dir='ltr'><strong>De</strong></span> <span class='ocrx_word' id='word_1_137' title='bbox 535 2253 750 2320; x_wconf 81' lang='lat' dir='ltr'><strong>prasio:</strong></span> <span class='ocrx_word' id='word_1_138' title='bbox 793 2264 997 2318; x_wconf 81' lang='lat' dir='ltr'><strong>genera</strong></span> <span class='ocrx_word' id='word_1_139' title='bbox 1017 2249 1136 2303; x_wconf 84' lang='lat' dir='ltr'><strong>eius</strong></span> <span class='ocrx_word' id='word_1_140' title='bbox 1156 2249 1249 2302; x_wconf 91' lang='lat' dir='ltr'><strong>III.</strong></span> 
     </span>
     <span class='ocr_line' id='line_1_31' title="bbox 86 2322 722 2376; baseline -0.005 -1"><span class='ocrx_word' id='word_1_141' title='bbox 86 2322 329 2376; x_wconf 88' lang='lat' dir='ltr'><strong>XXXV.</strong></span> <span class='ocrx_word' id='word_1_142' title='bbox 425 2322 638 2374; x_wconf 84' lang='lat' dir='ltr'><strong>Nilion.</strong></span> <span class='ocrx_word' id='word_1_143' title='bbox 705 2367 722 2373; x_wconf 87' lang='lat'><strong>-</strong></span> 
     </span>
     <span class='ocr_line' id='line_1_32' title="bbox 89 2388 1157 2445; baseline -0.003 -1"><span class='ocrx_word' id='word_1_144' title='bbox 89 2390 357 2445; x_wconf 88' lang='lat' dir='ltr'><strong>XXXVI.</strong></span> <span class='ocrx_word' id='word_1_145' title='bbox 430 2388 785 2442; x_wconf 84' lang='lat' dir='ltr'><strong>Molochites.</strong></span> <span class='ocrx_word' id='word_1_146' title='bbox 1151 2397 1157 2402; x_wconf 80' lang='grc'><strong><em>’</em></strong></span> 
     </span>
     <span class='ocr_line' id='line_1_33' title="bbox 90 2451 1694 2529; baseline -0.007 -16"><span class='ocrx_word' id='word_1_147' title='bbox 90 2459 376 2514; x_wconf 87' lang='lat' dir='ltr'><strong>XXXVII.</strong></span> <span class='ocrx_word' id='word_1_148' title='bbox 428 2457 516 2514; x_wconf 83' lang='lat' dir='ltr'><strong>De</strong></span> <span class='ocrx_word' id='word_1_149' title='bbox 535 2451 779 2527; x_wconf 71' lang='lat' dir='ltr'><strong>iaspidez</strong></span> <span class='ocrx_word' id='word_1_150' title='bbox 819 2472 1030 2529; x_wconf 81' lang='lat' dir='ltr'><strong>genera</strong></span> <span class='ocrx_word' id='word_1_151' title='bbox 1066 2458 1189 2511; x_wconf 87' lang='lat' dir='ltr'><strong>eius</strong></span> <span class='ocrx_word' id='word_1_152' title='bbox 1210 2452 1358 2507; x_wconf 88' lang='lat' dir='ltr'><strong>XIV.</strong></span> <span class='ocrx_word' id='word_1_153' title='bbox 1418 2453 1566 2506; x_wconf 77' lang='lat' dir='ltr'><strong>Vitia</strong></span> <span class='ocrx_word' id='word_1_154' title='bbox 1608 2461 1694 2502; x_wconf 82' lang='lat' dir='ltr'><strong>eo·</strong></span> 
     </span>
     <span class='ocr_line' id='line_1_34' title="bbox 497 2543 637 2581; baseline -0.007 -1"><span class='ocrx_word' id='word_1_155' title='bbox 497 2543 637 2581; x_wconf 84' lang='lat' dir='ltr'><strong>rum.</strong></span> 
     </span>
    </p>

    <p class='ocr_par' dir='ltr' id='par_1_9' title="bbox 92 2595 1290 2805">
     <span class='ocr_line' id='line_1_35' title="bbox 92 2595 1154 2667; baseline -0.005 -15"><span class='ocrx_word' id='word_1_156' title='bbox 92 2597 404 2652; x_wconf 87' lang='lat' dir='ltr'><strong>XXXVIII.</strong></span> <span class='ocrx_word' id='word_1_157' title='bbox 432 2596 520 2652; x_wconf 88' lang='lat' dir='ltr'><strong>De</strong></span> <span class='ocrx_word' id='word_1_158' title='bbox 542 2612 752 2667; x_wconf 72' lang='lat' dir='ltr'><strong>cyanoz</strong></span> <span class='ocrx_word' id='word_1_159' title='bbox 791 2611 1000 2667; x_wconf 81' lang='lat' dir='ltr'><strong>genera</strong></span> <span class='ocrx_word' id='word_1_160' title='bbox 1017 2595 1154 2649; x_wconf 80' lang='lat' dir='ltr'><strong>eius.</strong></span> 
     </span>
     <span class='ocr_line' id='line_1_36' title="bbox 92 2666 754 2736; baseline -0.008 -14"><span class='ocrx_word' id='word_1_161' title='bbox 92 2668 358 2722; x_wconf 89' lang='lat' dir='ltr'><strong>XXXIX.</strong></span> <span class='ocrx_word' id='word_1_162' title='bbox 393 2707 402 2714; x_wconf 91' lang='lat'><strong>.</strong></span> <span class='ocrx_word' id='word_1_163' title='bbox 432 2666 754 2736; x_wconf 84' lang='lat' dir='ltr'><strong>Sapphiros.</strong></span> 
     </span>
     <span class='ocr_line' id='line_1_37' title="bbox 96 2730 1290 2805; baseline -0.009 -12"><span class='ocrx_word' id='word_1_164' title='bbox 96 2737 221 2793; x_wconf 76' lang='lat' dir='ltr'><strong>xt..</strong></span> <span class='ocrx_word' id='word_1_165' title='bbox 432 2735 806 2805; x_wconf 80' lang='lat' dir='ltr'><strong>Amethystus.</strong></span> <span class='ocrx_word' id='word_1_166' title='bbox 842 2736 1064 2789; x_wconf 77' lang='lat' dir='ltr'><strong>Genera</strong></span> <span class='ocrx_word' id='word_1_167' title='bbox 1084 2734 1201 2787; x_wconf 86' lang='lat' dir='ltr'><strong>eius</strong></span> <span class='ocrx_word' id='word_1_168' title='bbox 1223 2730 1290 2783; x_wconf 88' lang='lat' dir='ltr'><strong>V.</strong></span> 
     </span>
    </p>

    <p class='ocr_par' dir='ltr' id='par_1_10' title="bbox 177 2801 1258 2864">
     <span class='ocr_line' id='line_1_38' title="bbox 177 2801 1258 2864; baseline -0.008 -3"><span class='ocrx_word' id='word_1_169' title='bbox 177 2807 352 2862; x_wconf 65' lang='lat' dir='ltr'><strong>Pam.</strong></span> <span class='ocrx_word' id='word_1_170' title='bbox 385 2806 481 2864; x_wconf 75' lang='lat' dir='ltr'><strong>&#39;I&#39;o</strong></span> <span class='ocrx_word' id='word_1_171' title='bbox 498 2822 554 2859; x_wconf 72' lang='lat' dir='ltr'><strong>n.</strong></span> <span class='ocrx_word' id='word_1_172' title='bbox 591 2807 638 2859; x_wconf 91' lang='lat' dir='ltr'><strong>I.</strong></span> <span class='ocrx_word' id='word_1_173' title='bbox 1057 2837 1061 2846; x_wconf 78' lang='lat'><em>-</em></span> <span class='ocrx_word' id='word_1_174' title='bbox 1205 2801 1258 2852; x_wconf 84' lang='lat' dir='ltr'>K</span> 
     </span>
    </p>
   </div>
  </div>
 </body>
</html>
