2009 3025
255 180 556 239 Nnun.
593 182 928 239 uls-ron.
978 185 1140 238 Lm.
1181 186 1250 241 11.
1290 146 1515 238 51-54
1584 183 1698 242 137

176 283 313 340 Lm.
350 287 661 338 Tuscorum
682 287 882 339 literae
906 302 1103 340 novem
1125 286 1279 339 Deos
1299 284 1556 349 emittere
1582 287 1692 338 {ul-

122 355 248 407 mina
267 355 604 417 existimant,
635 370 808 422 eaque
830 372 951 409 esse
982 355 1232 407 undecim
1253 368 1517 422 generum
1540 370 1553 403 ε
1598 357 1688 406 lo-

122 437 221 474 vem
251 424 395 474 enim
420 426 567 475 trina
587 424 837 485 iaculari,
891 425 1126 476 Romani
1151 425 1257 475 duo
1290 429 1504 475 tantum
1534 436 1603 472 ex
1621 423 1693 473 ii·

123 505 412 542 servavere:
456 484 653 544 diurna
683 494 1050 544 attribuentes
1074 494 1210 555 lovi,
1248 498 1518 544 nocturna
1539 488 1694 541 Sum·

107 562 296 611 ‘manoz
355 560 575 611 rariora
631 576 764 614 sane
804 561 994 612 eadem
1058 562 1128 612 de
1167 576 1334 623 causa
1385 556 1692 626 frigidioris

122 628 257 678 caeli.
311 626 546 679 Etruria
583 643 869 695 erumpere
910 637 1061 683 terra
1103 636 1320 696 quoque
1360 616 1693 689 arbitratur,

122 710 238 762 quae
255 694 437 747 infera
465 697 727 761 appellat,
760 698 997 748 brumali
1023 703 1268 762 tempore
1306 696 1487 758 sacta3
1522 709 1694 748 saeva

117 765 334 819 maxime
371 770 429 815 et
467 766 864 827 exsecrabilia3
904 780 1026 817 cum
1049 766 1161 816 sint
1185 766 1390 828 omnia,
1421 778 1560 830 quae
1580 770 1696 816 ter·

118 847 233 887 rena
259 831 615 895 existimant,
660 848 768 885 non
807 834 909 884 illa
949 833 1249 900 generalia,
1288 848 1388 884 nec
1427 847 1462 883 a
1490 831 1690 884 sideri·

117 903 203 956 bus
221 901 518 962 venientia,
557 901 656 951 sed
689 916 758 953 ex
790 901 1040 966 proxima
1062 908 1227 966 atque
1257 900 1569 953 turbidiore
1597 914 1693 951 na·

117 977 239 1024 tura.
273 972 667 1040 Rrgumentum
690 970 932 1030 evidens,
969 969 1116 1035 quod
1135 971 1321 1020 omnia
1340 984 1377 1020 a
1398 970 1689 1034 superiore

119 1043 250 1112 caelo
270 1039 582 1092 decidentia
624 1038 878 1106 obliquos
900 1036 1104 1089 habent
1125 1038 1303 1087 ictus:
1346 1036 1483 1089 haec
1502 1043 1691 1089 autem

117 1123 238 1177 quae
256 1114 458 1162 vocant
484 1116 722 1170 terrena,
760 1112 983 1166 rectos„
1019 1105 1130 1157 Sed
1171 1107 1300 1171 quia
1340 1121 1410 1159 ex
1433 1106 1690 1172 propiore

31 1212 34 1241 5
116 1178 331 1231 materia
371 1178 590 1239 cadunt,
630 1177 757 1228 ideo
781 1175 1084 1228 creduntur
1105 1188 1136 1226 e
1158 1179 1310 1227 terra
1343 1176 1515 1235 exire,
1558 1188 1691 1240 quo·

31 1246 34 1297 ἓ

116 1246 245 1299 niam
264 1260 330 1299 ex
354 1247 581 1313 repulsu
604 1247 756 1297 nulla
775 1245 1021 1310 vestigia
1032 1245 1220 1305 edunt,
1241 1259 1362 1295 cum
1375 1245 1451 1295 sit
1475 1242 1577 1295 illa
1594 1257 1687 1293 ra-

31 1322 34 1373 ζ
112 1314 186 1367 tio
206 1331 308 1366 non
329 1314 496 1367 inferi
517 1316 681 1377 ictus,
701 1314 797 1366 sed
822 1313 1059 1365 adversi.
1095 1314 1142 1364 A
1164 1313 1390 1364 Saturni
1412 1328 1480 1364 ea
1501 1312 1690 1362 sidere

29 1394 34 1449 ξ
113 1385 370 1451 proficisci
409 1384 668 1435 subtilius
713 1384 824 1435 ista
876 1382 1187 1434 consectati
1247 1385 1482 1446 putant:
1545 1379 1692 1429 sicut

29 1460 32 1493 ³
115 1453 420 1515 cremantia,
460 1452 729 1505 aMartis.
786 1451 1060 1513 Qualiter,
1103 1462 1225 1500 cum
1269 1444 1509 1498 Volsinii
1533 1447 1691 1512 oppi-

113 1521 228 1574 dum
246 1524 549 1574 Tuscorum
565 1521 1049 1588 opulentissimum
1072 1524 1250 1568 totum
1278 1523 1690 1568 concrematum

29 1589 32 1618 Γ
111 1597 189 1642 est
208 1590 451 1642 fulmine.
485 1575 533 1642 'V
536 1597 698 1641 ocant
721 1594 777 1639 et
798 1588 1100 1638 familiaria
1118 1586 1177 1635 in
1209 1590 1383 1634 totam
1409 1582 1580 1633 vitam
1601 1580 1688 1633 fa·

29 1683 32 1692 2
111 1659 289 1725 inlice,
332 1672 472 1725 quae
510 1659 689 1726 prima
724 1655 861 1706 liunt
902 1653 1170 1705 familiam
1212 1666 1367 1701 suam
1390 1650 1589 1715 cuique
1609 1649 1693 1699 in·

107 1725 282 1796 jepta.
340 1730 597 1779 Ceterum
633 1726 953 1778 existimant
995 1735 1106 1770 non
1130 1720 1280 1769 ultra
1304 1718 1493 1769 decem
1516 1731 1692 1767 annos

107 1797 429 1864 portendere
473 1798 717 1862 privata,
761 1797 1147 1858 praeterquam
1189 1793 1287 1838 aut
1326 1785 1689 1839 matrimonio

106 1865 273 1931 primo
317 1864 496 1923 facta,
536 1871 632 1914 aut
671 1862 843 1913 natali
883 1859 999 1909 diez
1042 1857 1263 1922 publica
1294 1870 1404 1907 non
1426 1853 1673 1907 ulti-atri

109 1927 376 2054 tegamus
406 1948 602 1985 annum
623 1966 642 1995 ,
702 1935 1090 1998 praeterquam
1127 1926 1188 1978 in
1226 1925 1552 1980 deductione
1592 1937 1691 1990 op·

229 2017 369 2055 rum.

99 2016 138 2070 {¹
163 2071 304 2124 LIV.
341 2072 544 2122 Exstat
566 2068 853 2124 Annalium
896 2065 1197 2128 memoria,
1244 2064 1419 2116 sacris
1460 2062 1683 2129 quibus·

104 2133 219 2206 (lam
263 2147 322 2193 et
346 2139 759 2206 precationibus
801 2136 889 2188 vel
933 2135 1057 2201 cogi
1097 2134 1351 2195 fulmina,
1393 2132 1481 2183 vel
1519 2131 1692 2196 impe·

95 2209 250 2274 trari.
289 2210 468 2261 Vetus
489 2207 639 2259 fama
660 2206 919 2257 Etruriae
945 2210 1050 2265 est,
1087 2205 1463 2269 impetratum,
1499 2199 1701 2253 volsis

99 2276 215 2329 nios
262 2280 460 2330 urbem
502 2277 653 2345 agris
694 2274 1050 2340 depopulatis
1090 2274 1359 2340 subeunte
1400 2273 1690 2329 monstro,

99 2345 237 2412 quod
277 2360 549 2398 vocavere
582 2343 823 2396 Voltam.
897 2342 1202 2392 Evocatum
1241 2343 1297 2390 et
1338 2353 1373 2388 a
1409 2335 1690 2387 Porsenna

94 2414 366 2482 auo'rege.
422 2414 496 2465 Et
529 2419 657 2465 ante
690 2426 816 2465 eum
838 2426 873 2462 a
893 2409 1074 2461 Numa
1103 2407 1321 2472 saepius
1344 2405 1452 2455 hoc
1470 2402 1704 2455 factita-

93 2483 219 2544 tum,
258 2483 317 2533 in
342 2482 520 2549 primo
543 2480 831 2534 Annalium
853 2492 1079 2540 suorum
1104 2476 1278 2527 tradit
1315 2473 1380 2524 L.
1401 2472 1530 2523 Piso
1566 2485 1693 2537 gra·

91 2547 168 2616 tis
188 2557 430 2603 auctor:
475 2550 620 2616 quod
645 2550 924 2600 imitatum
953 2560 1145 2611 parum
1188 2543 1296 2594 rite
1318 2542 1545 2594 Tullum
1564 2541 1683 2591 Ho-

29 2653 32 2670 .
90 2615 296 2674 uilium
321 2620 494 2670 ictum
515 2617 764 2669 fulmine.
800 2616 1091 2678 Lucosque
1112 2617 1168 2662 et
1189 2626 1316 2662 aras
1338 2616 1396 2661 et
1411 2623 1572 2661 sacra
1592 2606 1689 2659 ha-

87 2681 276 2742 hemus
293 2707 310 2742 z
344 2689 603 2755 interque
645 2686 930 2748 Statores,
972 2687 1031 2735 et
1069 2682 1354 2734 Tonantes
1371 2714 1390 2744 ‚
1429 2684 1488 2732 et
1518 2676 1686 2730 Fere-
