2009 3025
365 114 705 172 NA'run.
774 120 1031 173 nlsr.
1104 120 1285 176 Lm.
1355 122 1399 172 1.
1464 93 1471 105 “
1613 118 1682 172 35

23 211 32 258 ἶ
70 216 268 278 facere
305 214 407 282 pro
447 219 762 275 innocentia
795 223 967 292 (quod
992 225 1047 290 in
1070 223 1238 273 rebus
1259 221 1507 275 humanis
1528 235 1676 274 sum-

52 300 228 346 ‚mum
272 291 443 349 esset)
467 292 882 354 profitebantur.
927 291 1060 345 Inde
1081 290 1185 344 ilia
1206 291 1404 342 nobilis
1424 291 1501 342 M.
1525 293 1685 345 Cice-·

72 357 233 408 roais
253 356 583 420 suspiratio:
649 360 695 411 Ο
716 367 772 412 t'e
794 360 1029 422 felicem,
1052 361 1129 411 M.
1151 359 1335 421 Porci,
1379 376 1413 411 a
1432 376 1539 427 quo
1560 376 1679 413 rem

70 424 386 488 improbam
403 433 594 490 petere
616 443 781 480 nemo
794 428 986 480 audet!
1009 428 1475 489 QuumTribunos
1497 430 1678 496 appel-

73 492 223 543 laret
247 491 310 542 L.
335 492 522 560 Scipio
543 497 840 558 Asiaticus,
878 499 1027 549 inter
1070 512 1205 563 quos
1228 503 1351 548 erat
1370 497 1677 549 Gracchus:

73 558 188 611 hoc
208 565 598 626 attestabatur,
619 566 708 617 vel
733 567 957 617 inimico
979 565 1154 618 iudici
1172 581 1235 616 se
1253 566 1479 632 probari
1501 581 1680 632 posse.

74 628 234 681 Adeo
276 644 547 682 summum
592 638 824 701 quisque
866 647 1066 687 causae
1108 632 1241 687 suae
1280 634 1517 687 iudicem
1539 635 1679 687 facit

76 697 473 766 quemcunque,
515 714 681 767 quum
707 703 889 770 eligit,
912 704 1060 755 unde
1079 705 1403 770 provocatio
1428 705 1674 770 appelia-

73 771 187 817 tur.
246 768 327 817 Te
349 768 587 833 quidem,
607 771 666 821 in
709 772 1090 823 excelsissimo
1112 770 1335 825 humani
1352 774 1574 839 generis
1593 772 1673 824 fa-

75 835 247 903 stigio
268 838 524 901 positum,
557 853 773 891 summa
790 839 1134 906 eloquentia,
1178 856 1391 892 summa
1410 841 1674 893 eruditio·

71 919 142 955 ne
187 904 522 968 praeditum,
561 908 821 973 religiose
863 909 1011 959 adiri
1055 910 1226 961 etiam
1251 924 1286 960 a
1317 910 1682 961 salutantibus

73 972 210 1029 scio,
254 973 328 1022 Et
347 974 476 1025 ideo
496 974 645 1027 subit
667 991 812 1037 cuca,
836 984 915 1038 ut,
938 992 1080 1042 quae
1102 978 1207 1028 tibi
1228 977 1502 1040 dicantur,
1523 986 1580 1029 te
1603 977 1680 1027 di·

73 1055 183 1108 gna
203 1041 340 1091 sint.
381 1042 589 1094 Verum
611 1050 668 1095 et
689 1044 792 1095 diis
817 1045 964 1097 lacte
985 1046 1179 1097 rustici
1205 1046 1525 1114 multaeque
1546 1061 1679 1113 gen-

70 1117 160 1170 tes
193 1110 530 1176 supplicant,
555 1118 610 1164 et
633 1115 781 1165 mola
802 1120 1018 1167 tantum
1040 1115 1191 1166 salsa
1211 1114 1395 1176 litant,
1419 1118 1550 1183 quia
1569 1131 1684 1166 non

75 1177 292 1229 habent
315 1178 504 1231 thura:
546 1197 649 1233 nec
666 1183 765 1234 ulii
800 1183 908 1235 fuit
929 1183 1071 1235 vitio
1094 1183 1229 1235 deos
1252 1185 1436 1237 colere
1461 1200 1680 1251 quoquo

71 1247 245 1299 modo
269 1255 474 1314 posset.
540 1251 705 1303 Meae
736 1252 956 1319 quidem
980 1244 1283 1305 temeritati
1316 1256 1553 1305 accessit
1573 1253 1679 1304 hoc

73 1330 314 1381 quoque,
339 1318 488 1385 quod
514 1318 739 1371 levioris
764 1336 967 1387 operae
989 1320 1092 1372 hos
1115 1322 1219 1373 tibi
1244 1321 1491 1373 dedicavi
1517 1322 1677 1373 libel-

23 1407 26 1412 ·
71 1385 175 1435 los.
246 1384 388 1437 Nam
434 1402 536 1438 nec
572 1390 783 1454 ingenii
814 1397 944 1440 sunt
974 1404 1224 1455 capaces),
1265 1392 1412 1456 quod
1433 1392 1678 1459 alioquin
1764 1413 1769 1417 ·

73 1453 235 1505 nobis
257 1469 522 1521 perquam
545 1458 823 1510 mediocre
847 1464 996 1510 erat=
1041 1473 1141 1515 nec
1165 1458 1467 1515 admittunt
1489 1474 1676 1512 exces-

67 1532 169 1578 'sus
190 1530 294 1575 aut
317 1527 615 1587 orationes,
646 1543 1023 1588 sermonesve,
1062 1536 1175 1579 aut·
1199 1544 1359 1579 casus
1382 1528 1679 1589 mirabiles,

73 1593 160 1646 vel
196 1599 440 1644 eventus
481 1595 663 1644 varies
680 1632 697 1657 ,
741 1612 853 1646 non
875 1595 989 1645 ulia
1007 1583 1250 1646 iun-inda
1271 1596 1437 1658 dictu,
1479 1606 1577 1648 aut
1597 1598 1676 1648 le-

75 1663 343 1729 gentibus
363 1661 589 1723 blanda,
613 1663 799 1714 sterili
819 1663 1072 1713 materia.
1108 1663 1312 1714 Rerum
1336 1672 1550 1725 natura,
1574 1665 1676 1717 hoc

76 1737 176 1793 est,
199 1731 326 1781 vita
349 1737 624 1792 narratur,
668 1738 725 1783 et
748 1729 885 1783 haec
906 1731 1295 1781 sordidissima
1314 1733 1402 1784 sui
1421 1738 1597 1799 parte,
1619 1740 1682 1783 ut

73 1800 446 1866 plurimarum
488 1815 671 1851 rerum
711 1806 808 1851 aut
829 1800 1055 1851 rusticis
1079 1800 1359 1852 vocabulis
1383 1808 1477 1853 aut
1498 1806 1677 1867 exter-

69 1868 174 1931 nis,
216 1873 390 1920 immo
414 1869 684 1931 barbaris,
728 1871 895 1921 ctiam
921 1884 1042 1920 cum
1070 1865 1295 1920 honoris
1335 1869 1680 1937 praefatione

70 1938 359 2004 ponendis.
411 1937 713 1991 Praeterea
751 1940 858 1991 iter
900 1945 1002 1990 est·
1026 1953 1137 1989 non
1180 1938 1319 1989 trita
1357 1938 1678 1990 auctoribus

72 2009 165 2056 via
180 2043 199 2069 ,
244 2021 347 2058 nec
389 2021 498 2073 qua
539 2009 881 2076 peregrinari
925 2007 1141 2058 animus
1179 2014 1420 2074 expetat.
1498 2007 1676 2058 Nemo

77 2076 366 2142 spu-dinos,
408 2075 501 2141 qui
525 2078 666 2128 idem
693 2077 1020 2137 tentaverit;
1053 2091 1223 2127 nemo·
1248 2076 1392 2142 apud
1415 2077 1677 2139 Graecos,

78 2144 171 2210 qui
186 2161 330 2195 unus
344 2146 610 2197 omnia-ea
620 2147 967 2198 tractaverit.
988 2144 1196 2211 Magna
1216 2159 1344 2211 pars
1368 2144 1675 2215 studiorum

23 2220 38 2230 ⁸
81 2212 447 2268 atnoenitates
470 2214 803 2279 quaerimus.
852 2215 1009 2276 Quae
1030 2228 1161 2265 vero
1191 2220 1435 2277 tractata
1457 2213 1526 2264 ab
1543 2212 1677 2269 ,aliis

80 2279 338 2337 dicuntur
355 2283 657 2336 immensae
677 2283 1022 2343 subtilitatis,
1044 2282 1293 2334 obscuris
1317 2297 1500 2333 rerum
1520 2278 1675 2334 teno-

79 2346 195 2401 bris
220 2357 559 2416 premuntur.
618 2354 732 2404 lam
758 2353 944 2403 omnia
967 2351 1309 2418 attingenda,
1346 2366 1488 2418 quae
1509 2351 1677 2404 Grae·
1694 2400 1707 2407 ,

82 2418 132 2468 οἱ
167 2416 722 2482 τὰς’ἐγκυκλὸπαιδείας
742 2427 967 2482 vocant3
1007 2427 1064 2471 et
1107 2427 1290 2471 tamen
1309 2421 1504 2487 ignota
1519 2456 1535 2482 ,
1577 2422 1677 2471 aut

81 2484 294 2555 incerta
309 2487 732 2555 ingeniis-facta.
789 2490 917 2540 Alia
937 2502 1070 2539 vero
1110 2488 1194 2540 ita
1223 2490 1416 2540 multis
1438 2486 1677 2555 prodita,

82 2560 142 2604 ut
161 2554 218 2604 in
241 2553 525 2606 fastidium
548 2558 659 2609 sint
684 2557 945 2609 adducta.
987 2556 1098 2607 Res
1121 2557 1309 2617 ardua,
1331 2559 1562 2609 vetustis
1582 2574 1676 2608 no-

23 2604 56 2619 *
85 2621 309 2675 vitatem
332 2622 483 2685 dare,
511 2627 666 2702 novis
688 2629 1100 2686 auctoritatem,
1123 2626 1394 2745 clangetis
1416 2626 1678 2685 nitorem,
1722 2648 1726 2651 ·
