2009 3025
352 146 427 200 50
716 147 775 196 C.
845 143 1124 195 PLINII
1195 99 1563 192 §ECUNDI

352 248 422 298 X.
684 249 866 312 Cyrus
886 242 1102 303 fluvius,
1126 247 1183 293 et
1206 243 1427 293 Araxes.

353 315 448 366 XI.
687 311 937 373 Albania,
960 312 1156 373 Iberia,
1177 317 1234 363 et
1254 311 1478 362 iunctae
1499 314 1714 377 gentes.

265 388 274 393 ’
300 393 304 397 ·
351 381 475 433 XII.
684 382 887 433 Portae
906 380 1223 431 Caucasiae.

354 449 500 501 xm.
683 448 905 502 Insulae
926 448 980 499 in
1001 447 1198 498 Ponto.
1358 447 1393 467 “’

354 517 502 569 XIV.
688 516 897 569 Gentes
920 531 954 566 a
974 514 1234 584 Scythico
1258 515 1499 567 Oceano.

351 584 477 639 XV.
686 585 940 650 Caspium
963 592 1023 637 et
1041 587 1365 652 Hyrcanum
1387 596 1556 635 mare.

353 653 505 707 XVI.
689 652 988 707 Adiabene.

354 722 527 776 XVII.
687 721 891 794 MedIa‚
912 728 969 774 et
990 720 1190 773 Portae
1211 718 1464 785 Caspiae.
1513 723 1529 731 ‘

355 789 555 843 XVIII.
689 792 895 843 Gentes
917 791 1067 843 circa
1088 790 1408 854 Hyrcanum
1431 800 1599 838 mare.

348 856 505 911 XIX.
691 857 1022 926 Scytharum
1035 865 1245 925 gentes,
1256 860 1314 907 et
1328 856 1467 907 situs
1489 854 1559 906 ab
1569 855 1803 911 Oceano
1817 858 1945 911 Eoo.

352 924 478 979 XX.
687 926 870 980 Seres.

352 992 504 1048 XXI.
682 994 819 1045 Indi.

351 1061 530 1115 XXII.
685 1062 922 1129 Ganges.

353 1130 555 1184 XXIII.
683 1129 869 1181 Indus.
947 1171 956 1176 .
1044 1158 1048 1160 Δ

355 1196 561 1250 XXIV.
689 1198 1034 1262 Taprobane.

353 1264 531 1317 XXV.
694 1265 925 1317 Gedrosi
944 1274 995 1316 et
1018 1265 1305 1320 adiunctae
1323 1266 1617 1332 sats-apiae.
1676 1286 1696 1294 -

352 1332 557 1387 XXVI.
682 1332 1085 1400 Navigationes
1101 1337 1159 1384 in
1183 1334 1414 1385 Indiam.

354 1399 581 1455 XXVII.
688 1401 996 1453 Carmania.

354 1469 608 1526 XXVIII.
689 1468 853 1523 Sinus
874 1470 1144 1533 Persicus,
1165 1475 1222 1524 et
1241 1470 1521 1524 Arabicus.

341 1539 562 1592 XXIX.
690 1538 1025 1593 Parthorum
1046 1553 1237 1606 regna.

353 1607 531 1661 XXX.
687 1607 1115 1675 Mesopotamia.

356 1674 558 1728 XXXI.
686 1677 888 1745 Tigris.
1178 1676 1189 1683 “

345 1740 582 1797 XXXII.
684 1746 905 1797 Arabia.

353 1810 609 1865 XXXIII.
688 1810 852 1864 Sinus
872 1814 1043 1864 maris
1061 1812 1250 1864 Rubri.

354 1877 611 1931 XXXIV.
688 1879 1107 1946 TroglodytIce.

354 1944 582 1998 XXXV.
684 1948 999 2013 Aethiopia.

235 2055 240 2059 .
331 2012 609 2067 'XXXVL
684 2014 906 2069 Insulae
924 2014 1236 2081 Aethiopici
1256 2017 1443 2067 maris.

354 2081 636 2136 XXXVII.
684 2083 769 2135 De
786 2084 984 2135 Insulis
1007 2084 1344 2134 Fortunatis.

354 2149 658 2204 XXXVIII.
689 2154 896 2205 Terrae
919 2167 1018 2218 per
1039 2166 1322 2203 mensuras
1345 2156 1718 2216 comparatae.

351 2217 607 2287 XXXIX.
685 2218 940 2287 Digestio
952 2228 1222 2274 terrarum
1243 2221 1301 2271 iu
1319 2221 1634 2286 parallelos,
1644 2228 1701 2274 et
1720 2220 1937 2273 umbras

762 2303 939 2355 pares.
1112 2296 1123 2307 ¹
1253 2342 1259 2349 ,
1620 2314 1629 2320 -
1976 2318 1977 2325 κ

426 2352 672 2407 Summa:
710 2357 945 2424 Oppida,
968 2356 1242 2410 MCXCV.

549 2456 566 2463 μ
680 2414 924 2487 ‘Gentes,
943 2425 1249 2477 DLXXVI.

694 2491 950 2557 Flumina
969 2495 1142 2550 clara,
1166 2490 1337 2543 CXV.

694 2558 918 2613 Montes
938 2561 1097 2621 clari,
1120 2559 1421 2614 XXXVIII.

693 2627 934 2689 Insulae,
958 2626 1147 2687 evm.
