2009 3025
155 163 476 244 Nnrun.
533 158 879 220 msa-on.
925 165 1088 219 ms.
1131 164 1201 219 v.
1244 163 1470 223 31-33.
1537 169 1643 227 ³33

21 269 182 321 aiunt
205 269 620 333 Caesarienses,
643 270 1065 339 Metropolitae,
1087 269 1324 323 cilbiani
1341 270 1643 327 inferiores

22 346 74 390 et
97 339 448 407 eppei-iores.
462 341 987 406 Mysomacedones,
1000 341 1440 406 Mastaurenses,
1450 341 1639 395 Briul-

21 408 175 469 litae,
204 409 561 476 Hypaepeni,
586 408 987 462 Dioshieritae.
1118 444 1122 453 ι
1358 424 1361 430 ¹

86 477 331 531 xxxii.
367 477 559 530 Aeolis
584 482 837 546 proxima
855 487 971 542 est,
1014 478 1289 546 quondam
1310 478 1500 547 Mysia
1545 495 1670 548 ap·-

20 546 271 614 pellata,
315 554 375 600 et
391 563 533 614 quae
556 548 923 625 Hellesponto
966 549 1192 601 adiacet
1221 551 1421 602 Τῑοαε.
1495 550 1580 602 lbi
1612 563 1648 602 a

20 615 304 678 Phocaea,
325 618 594 670 Ascanius
615 626 828 685 portus.
845 617 1008 672 -Dein
1032 616 1220 671 fuerat
1237 617 1493 670 Larissa:
1517 625 1649 671 sunt

23 687 214 753 Cyme,
263 686 509 753 Myrina,
554 703 694 754 quae
717 688 1124 756 sebastopolim
1146 703 1208 739 se
1225 695 1410 740 vocat
1435 705 1448 738 ε
1491 687 1644 740 intus

21 757 225 823 Aegae,
252 758 478 819 Attalia,
499 755 755 821 Posidea,
777 755 1137 819 Neontichos,
1160 759 1421 810 Temnos.
1458 756 1520 808 In
1545 771 1647 809 ora

23 833 210 877 autem
238 827 478 878 Titanus
502 828 701 891 amnis,
740 834 798 879 et
822 828 1019 879 civitas
1043 827 1114 878 ab
1136 840 1203 879 eo
1229 826 1640 894 cognominata.

23 892 143 946 Fuit
171 901 235 946 et
259 895 505 962 Grynia,
547 912 691 949 nunc
712 892 930 955 tantum
951 901 1149 964 portus
1170 896 1295 959 soli,
1333 895 1519 948 insula
1539 911 1638 963 ap·

20 963 320 1032 prehensa.
377 965 650 1032 Oppidum
673 967 866 1028 Elaea,
888 973 945 1020 et
962 980 1036 1018 ex
1058 965 1249 1033 Mysia
1266 965 1494 1018 veniens
1516 965 1643 1018 Cai-

8 1040 115 1089 Jsas
133 1036 341 1085 amnis.
368 1066 375 1073 ,
412 1035 689 1102 Oppidum
713 1036 935 1100 Pitane,
953 1037 1192 1088 Canaius
1214 1036 1408 1086 amnis.
1462 1036 1486 1088 1
1493 1040 1641 1088 nter·

16 1100 208 1161 were
240 1105 442 1166 Canae,
464 1105 840 1172 Lysimachia,
863 1108 1127 1169 Atarnea,
1148 1106 1380 1168 Carene,
1417 1103 1636 1158 Cisthe·

20 1178 103 1249 ἑο,
127 1173 299 1235 Cilla,
318 1174 629 1240 Cocylium,
655 1175 867 1239 Thebe,
905 1177 1129 1244 Astyre,
1169 1173 1404 1242 Chrysa,
1444 1173 1640 1228 Palae·

24 1243 268 1309 scepsis,
309 1241 637 1310 Gergithos‚
678 1245 999 1300 Neandrose
1042 1259 1186 1298 nunc
1219 1249 1307 1297 est
1327 1243 1644 1312 Perperene

25 1313 255 1376 civitas,
302 1310 671 1365 Heracleotes
709 1318 954 1377 tractus,
1019 1312 1307 1381 Coryphas
1347 1314 1641 1382 oppidumz

18 1395 231 1455 amnes,
277 1379 535 1450 Grylios,
577 1381 777 1434 Ollius.
847 1383 1025 1450 Regio
1067 1382 1455 1448 Aphrodisias,
1499 1391 1641 1448 quae

17 1459 185 1506 antea
204 1450 453 1504 Politice
476 1451 674 1521 Orgas.
746 1450 924 1521 Regio
948 1451 1185 1518 Scepsis.
1239 1450 1472 1502 Flumen
1497 1451 1641 1503 Evo-

20 1537 168 1589 num,
192 1522 357 1576 cuins
379 1523 435 1573 in
456 1521 593 1589 iupis
612 1520 947 1574 intercidere
967 1520 1301 1587 Lyrnessos,
1324 1520 1639 1573 etMiletos.

18 1592 77 1645 ln
96 1593 209 1645 hoc
231 1597 423 1644 tractu
447 1589 545 1643 Ida
565 1604 741 1643 mons.
810 1591 886 1646 Et
908 1592 965 1641 in
985 1604 1112 1651 ora,
1154 1603 1296 1656 quae
1329 1589 1507 1640 sinum
1544 1601 1638 1641 co·

18 1661 373 1731 gnominavit
393 1666 454 1714 et
476 1666 842 1722 conventum,
879 1657 1280 1725 Adramytteos
1303 1657 1436 1708 olim
1461 1656 1637 1710 Peda-

16 1748 110 1786 sus
134 1731 316 1784 dicta.
386 1729 680 1783 Flumina=
718 1730 944 1791 Astron,
970 1726 1282 1788 Cormalos,
1322 1727 1641 1793 Eryannos,

6 1802 366 1862 Alabastros,
383 1802 592 1853 Hieros
611 1811 682 1852 ex
698 1798 821 1851 Ida.
892 1801 1051 1852 Intus
1073 1810 1230 1847 mons
1252 1794 1525 1864 Gargara,
1549 1810 1641 1848 eo·

6 1870 262 1939 ‘demque
302 1871 523 1925 nomine
562 1868 846 1937 oppidum.
918 1869 1132 1920 Rursus
1155 1867 1213 1917 in
1236 1863 1406 1917 litore
1424 1867 1634 1917 Antan·

17 1939 172 2004 dros,
194 1939 412 1992 Edonis
437 1939 589 2007 prius
608 1945 835 2000 vocata,
857 1937 1058 1990 deinde
1080 1934 1371 1989 Cimmeris
1395 1952 1409 1987 ε
1451 1941 1511 1988 et
1533 1935 1635 1987 As·

16 2023 125 2076 sos,
152 2009 350 2064 eadem
368 2009 685 2078 Apollonia.
719 2008 853 2060 Fuit
873 2016 928 2061 et
944 2005 1326 2059 Palamedium
1351 2003 1659 2073 oppidum..

12 2077 474 2134 Promontorium
490 2078 703 2132 Lecton
723 2077 1121 2131 disterminans
1131 2073 1368 2129 Aeolida
1388 2082 1445 2127 et
1459 2076 1634 2126 Troa-

15 2149 107 2204 da.
165 2149 303 2202 Fuit
327 2155 385 2202 et
401 2148 733 2216 Polymedia
755 2147 967 2218 civitas,
990 2154 1052 2197 et
1071 2143 1304 2211 Chrysa,
1327 2150 1386 2195 et
1407 2141 1639 2198 Larissa

14 2220 153 2272 alia.
226 2217 574 2272 Smintheum
596 2216 861 2284 templum
891 2216 1073 2267 durat.
1143 2214 1299 2264 Intus
1325 2214 1535 2265 Colone
1554 2209 1637 2262 in·

9 2288 269 2342 tercidit.
339 2289 657 2356 Deportant
674 2285 1100 2353 Adramytteum
1124 2282 1383 2350 negotia,
1404 2279 1632 2347 Apollo-

11 2360 212 2412 niatae
235 2373 270 2411 a
292 2355 597 2426 Rhyndaco
620 2370 796 2418 amne,
820 2353 1027 2413 Erezii,
1046 2350 1477 2418 Miletopolitas,
1495 2347 1635 2401 Poe-

6 2429 260 2491 maneni,
280 2426 615 2479 Macedones
635 2424 977 2485 Aschilacae,
990 2420 1338 2484 Polichnaei,
1362 2418 1635 2479 Pionitae,

8 2497 226 2552 Cilices
245 2495 684 2550 Mandacadeni:
723 2494 781 2545 in
802 2491 987 2559 Mysia
1009 2489 1287 2543 Abrettini
1300 2524 1317 2553 ,
1360 2494 1420 2542 et
1439 2486 1631 2542 Helle·

10 2568 228 2637 spontii
250 2565 539 2635 appellati,
563 2573 620 2617 et
640 2564 739 2617 alii
758 2560 1054 2631 ignobiles.

85 2637 348 2691 xxxin.
386 2634 627 2689 Troadis
668 2632 880 2701 primus
913 2631 1070 2684 locus
1093 2626 1463 2682 Hamaxitost
1502 2625 1634 2679 dein

9 2706 293 2762 Gelirenia
308 2724 325 2759 ε
384 2708 617 2776 ipsaque
653 2704 836 2756 Troas
854 2736 874 2765 ,
915 2699 1216 2770 Antigonia
1254 2697 1404 2753 dicta
1420 2732 1440 2763 ,
1481 2709 1629 2747 nunc
