2009 3025
316 109 616 163 NATUR.
656 108 1004 165 HISTOR.
1044 64 1205 166 IJJB.
1245 108 1349 163 VI.
1391 111 1477 165 35.
1597 113 1703 167 389

100 212 331 281 adelphi
350 211 683 279 praefectus,
700 214 824 266 sine
841 220 1122 276 mensura,
1152 213 1366 266 dierum
1384 212 1486 265 LX
1505 230 1542 266 a
1566 213 1703 283 Sye-
1763 274 1768 277 ,

95 300 176 336 ne
192 282 429 337 Meroen
447 284 564 334 iter
578 281 823 348 prodidit
835 301 856 334 τ
870 281 1277 336 Eratosthenes
1288 282 1546 334 DCXXV
1559 284 1701 338 mill.

94 351 489 405 Artemidorus
505 350 603 403 DC
631 352 767 403 mill.
793 352 1042 404 Sebosus
1074 353 1145 404 ab
1166 352 1407 419 Aegypti
1440 353 1703 407 extremis

98 420 362 474 Sedecies
397 427 633 473 centena
664 420 873 475 LXXV
899 422 1039 474 mill.
1069 436 1365 488 passuum:
1401 420 1550 472 unde
1579 435 1707 487 pro-

97 491 257 542 xime
295 490 433 545 dicti
476 489 777 543 duodecies
806 498 1047 543 centena
1070 491 1126 542 L
1150 490 1236 542 M.
1278 489 1491 543 Verum
1525 491 1706 540 omnis

14 614 15 619 ,
99 559 251 612 haec
270 559 435 611 finita
462 575 644 626 nuper
670 560 979 626 disputatio
1007 565 1110 621 est,
1154 559 1412 625 quoni-am
1455 574 1494 610 a
1522 557 1709 625 Syene

99 628 530 681 DCCCLXXIH
557 628 703 679 mill.
745 629 984 680 Neronis
1012 628 1401 694 exploratores
1430 629 1713 680 renuntia-

99 712 237 750 vere
259 697 352 748 his
368 697 550 749 modis
564 717 582 748 τ
600 698 642 748 A
658 695 846 764 Syene
863 698 1076 749 Hieran
1092 699 1416 764 sycaminon
1425 695 1554 747 LIV
1568 696 1710 747 mill.

100 781 388 835 passuum.
421 766 559 818 Inde
577 768 759 817 Tama
779 766 986 818 LXXII
1008 766 1188 817 millia
1206 781 1488 832 passuum.
1508 765 1716 832 Regio-

99 851 230 887 nem
251 836 635 902 Euonymiton·
653 833 984 900 Aethiopum
1007 836 1260 901 primam,
1290 832 1467 897 CXX,
1484 835 1717 885 Acinam.

101 905 237 958 uv
258 903 396 954 mill.
418 904 651 956 Pitaran
670 903 842 966 XXV,
875 903 1219 970 Tergedum,
1244 903 1364 955 CVI
1382 903 1524 954 milk
1560 903 1714 954 lnsu-

101 974 221 1026 Iam
234 972 536 1038 Gagauden
558 987 678 1025 esse
699 973 758 1023 in
779 971 965 1024 medio
990 986 1058 1024 eo
1078 977 1286 1024 tractu.
1320 971 1454 1023 Inde
1473 973 1715 1037 primum

100 1042 255 1092 visas
280 1056 406 1093 aves
424 1043 727 1108 psittacos,
763 1046 821 1093 et
832 1040 914 1097 *ab
937 1040 1120 1092 altera·
1140 1039 1304 1107 (quae
1320 1047 1551 1092 vocatur
1570 1040 1715 1091 Arti-

101 1112 269 1178 gula)
307 1112 516 1162 animai
551 1109 877 1176 sphingion,
907 1123 944 1161 a
980 1109 1238 1175 Tergedo
1282 1107 1713 1176 cynocephalos.

102 1178 247 1232 lude
268 1178 491 1244 Napata
509 1178 720 1230 LXXX
739 1177 881 1229 mill.
932 1177 1208 1243 Oppidum
1232 1177 1290 1228 id
1312 1192 1544 1242 parvum
1563 1178 1714 1228 inter

142 1247 401 1298 raedicta
421 1248 625 1301 solum.
662 1248 748 1299 Ab
771 1263 845 1299 eo
860 1247 933 1309 ad
952 1247 1194 1298 insulam
1214 1247 1448 1298 Meroen
1473 1244 1713 1297 CCCLX

102 1357 124 1367 -
171 1353 190 1367 .
203 1315 428 1368 Hei-bas
441 1316 590 1365 circa
600 1314 838 1366 Meroen
854 1314 1077 1365 demum
1094 1314 1409 1376 viridiores,
1420 1315 1713 1365 silvarum-

103 1399 212 1452 que
237 1381 453 1449 aliq'uid
474 1383 825 1448 apparuisse,
860 1388 916 1434 et
947 1380 1360 1436 rhinocerotum
1384 1376 1710 1448 elephanto·
1735 1442 1744 1451 ι

100 1467 340 1520 rumque
356 1452 616 1519 vestigia.
666 1451 853 1515 Ipsum
876 1449 1145 1517 oppidum
1163 1450 1402 1501 Meroen
1420 1451 1489 1502 ab
1513 1451 1710 1501 introi·
1769 1456 1770 1459 ’

100 1529 165 1573 tu
179 1522 396 1574 insulae
411 1523 612 1573 abesse
620 1519 947 1571 Lxx.min.
964 1534 1232 1585 passuum
1245 1522 1535 1587 :iuxtaque
1544 1520 1713 1571 aliam

97 1591 341 1642 insulam
361 1590 526 1642 Tadu
569 1589 769 1639 dextro
789 1589 1154 1640 subeuntibus
1174 1588 1374 1651 alveo,
1409 1604 1551 1655 quae
1589 1602 1714 1654 por-

14 1725 15 1728 *
99 1667 225 1711 tum
245 1659 481 1710 faceret.
528 1656 799 1712 Aedificia
818 1658 1008 1723 oppidi
1028 1672 1238 1724 pauca,¹
1278 1658 1533 1725 Regnare
1554 1656 1713 1707 femi-

104 1743 235 1779 nam
259 1726 593 1790 (laudassem,
612 1725 765 1793 quod
786 1740 989 1778 nomen
1004 1727 1204 1777 multis
1220 1726 1338 1778 iam
1355 1729 1513 1777 annis
1536 1726 1607 1778 ad
1627 1741 1715 1777 re·

104 1797 265 1863 ginas
289 1796 536 1848 transiit.
607 1792 914 1845 Delubrum
935 1796 1269 1847 Hammonis
1300 1800 1358 1846 et
1386 1795 1466 1846 ibi
1486 1794 1713 1860 religio·

104 1869 251 1926 siim,
269 1870 326 1915 et
350 1870 473 1915 toto
495 1868 685 1915 tractu·
700 1861 927 1913 sacella.
967 1864 1227 1914 Ceterum.
1247 1877 1371 1914 cum
1392 1864 1712 1928 potirentur

101 1947 295 1985 rerum
319 1931 654 1998 Aethiopes,
686 1930 874 1981 insula
902 1944 972 1981 ea
999 1944 1240 1997 magnae
1263 1930 1541 1992 claritatis
1583 1930 1712 1985 fuit.

103 2000 371 2053 Tradunt
392 2007 739 2052 armatorum
759 1996 902 2049 CCL
923 1998 1062 2050 mill.
1086 1999 1221 2051 dare
1239 1997 1463 2050 solitam
1477 2036 1496 2062 ,
1538 1998 1711 2049 artifi-

107 2085 235 2121 cum
254 2069 427 2120 CCCC
441 2070 525 2120 Μ.
543 2067 721 2120 εἰπε,
749 2066 1441 2136 RegesAethiopumXLV
1460 2073 1519 2120 et
1539 2061 1709 2119 hodie

104 2137 431 2192 traduntur.
497 2136 767 2188 Universa
805 2150 945 2187 vero·
971 2150 1107 2203 gens
1139 2134 1398 2200 Aetheria
1427 2134 1710 2200 appellata

108 2215 250 2327 est,h
270 2205 475 2258 deinde
489 2204 739 2256 Atlantia
748 2240 774 2269 ,.
806 2219 941 2258 mox
973 2220 1014 2258 a
1033 2205 1270 2259 Vulcani
1292 2203 1418 2255 filio
1435 2202 1708 2276 Aethiope
1801 2241 1806 2252 .

104 2280 215 2330 Aet
253 2275 311 2326 io
353 2275 433 2327 iae
1612 2319 1618 2328 ,
1783 2325 1792 2336 ,

176 2290 927 2408 Ληὶηῗαῐίιιπιὶὶοιῃίηωηᾳυε
950 2341 1168 2410 effigies
1199 2343 1581 2395 monstriferas
1605 2343 1707 2394 cir-
1755 2361 1768 2414 ς

109 2429 178 2468 ca
199 2412 587 2467 extremitates
610 2412 726 2463 eius
787 2412 906 2476 igni
926 2413 1152 2463 minime
1172 2411 1390 2474 mirum,
1412 2412 1615 2462 artifici
1637 2408 1711 2462 ad

107 2481 407 2535 formanda
443 2496 681 2547 corpora
710 2496 739 2531 e
802 2481 1028 2545 giesque
1058 2481 1366 2535 *caelandas
1395 2480 1710 2533 mobilitate

107 2553 303 2616 ignea„
354 2549 565 2599 Ferunt
591 2554 741 2602 certe
761 2547 830 2599 ab
864 2548 1096 2599 orientis
1117 2563 1151 2611 p
1218 2556 1276 2601 te
1302 2550 1498 2601 intima
1515 2554 1712 2617 gentes

114 2634 238 2674 esse
260 2617 380 2673 sine
401 2617 648 2683 naribus,
670 2614 886 2685 aequali
905 2615 1139 2684 totiuso
1240 2616 1487 2684 planitie.
1557 2616 1712 2669 Alias
