2009 3025
331 57 632 111 NA‘run.
667 55 1002 113 msa-oa.
1040 59 1608 119 plevim-29..-
1654 39 1788 118 371*

222 161 283 212 ln
295 160 637 214 Carmaniae
657 162 862 230 angulo
883 169 1015 214 sunt
1035 162 1478 230 Chelonophagi,
1519 165 1752 217 testudi-

149 244 283 281 num
305 232 598 296 superficie
619 246 778 284 casas
806 237 1091 298 tegentes,
1130 247 1297 294 carne
1334 239 1646 289 vescentes*
1709 235 1752 284 A

148 295 375 351 flumine
393 300 525 352 Arbi
545 301 983 367 promontorium
1004 301 1186 368 ipsum
1226 299 1559 363 inhabitant,
1599 315 1755 368 prae·

151 374 244 419 ter
266 368 455 434 capita
474 374 598 421 toto
622 384 858 436 corpore
877 367 1044 431 hirti,
1084 371 1359 436 coriisque
1399 368 1630 437 piscium
1668 385 1759 422 re-

151 436 297 487 stiti.
366 438 447 489 Ab
487 435 684 490 horum
723 445 910 491 tractu
942 439 1157 490 indiam
1192 453 1385 492 versus
1418 437 1758 491 Caicandrus

152 504 380 557 deserta
398 506 590 558 insula·
615 508 675 559 in
703 522 931 569 oceano,
968 507 1019 561 L
1060 509 1139 560 M.
1178 521 1440 575 passuum
1478 508 1757 559 traditur:

150 573 420 640 iuxtaque
443 590 564 628 eam
587 576 737 630 freto
766 574 1122 630 interfluente
1144 576 1386 639 Stoidis,
1426 581 1762 645 quaestuosa
1850 630 1866 638 -

150 645 490 711 margaritis.
560 646 606 697 A
625 646 1013 712 promontorio
1034 646 1322 698 carmanis
1341 645 1644 712 iunguntur
1663 651 1759 699 Ar·

148 713 354 763 mozei.
426 714 1055 782 Quidaminterponunt
1075 716 1293 777 Arbios,
1316 715 1542 767 ccccu
1578 713 1762 765 millia

152 795 412 847 passuum
433 787 558 834 toto
580 783 766 836 litore.
823 784 908 849 lbi
928 790 1126 851 portus
1144 783 1530 848 Macedonum,
1545 789 1608 836 et
1628 798 1761 834 arae

149 849 458 903 Alexandri
479 852 532 903 in
555 856 956 919 promontorio.
1026 854 1260 906 Amnes:
1304 851 1584 920 Saganos:
1628 850 1761 903 dein

150 917 351 982 Daras,
370 925 428 973 et
447 919 656 974 Salsos.
727 923 810 974 Ab
840 936 909 975 eo
926 923 1367 988 promontorium
1390 920 1761 982 Themisteas,

94 1032 105 1039 .
149 987 340 1039 insula
357 988 718 1056 Aphrodisias
739 990 1044 1043 habitatur.
1115 990 1248 1043 inde
1267 988 1516 1042 Persidis
1534 990 1761 1047 initium

149 1056 225 1107 ad
250 1055 726 1125 flumen-Oroatin,
746 1075 854 1127 quo
875 1058 1145 1111 dividitur
1164 1048 1569 1127 absssslymaide.
1622 1060 1761 1111 Con·

148 1133 242 1177 tra
258 1125 541 1181 Persidem
562 1129 817 1192 insulaer
836 1127 1046 1191 Philon,
1084 1129 1388 1194 Casandra,
1416 1130 1618 1181 Aracia
1633 1143 1758 1180 cum

147 1201 339 1247 monte
359 1199 610 1264 praealto
635 1199 896 1266 Neptuno
935 1212 1112 1251 sacra.
1181 1199 1311 1266 Ipsa
1325 1199 1529 1259 *Persis
1567 1196 1760 1249 adver·

148 1279 244 1315 sus
282 1280 538 1317 occasum
580 1268 690 1318 sita
733 1268 953 1318 obtinet
992 1268 1165 1321 litora
1200 1266 1304 1319 DL
1340 1269 1422 1320 M.
1464 1282 1757 1334 passuum:

149 1333 324 1385 etiam
344 1337 400 1383 in
415 1333 604 1384 luxum
624 1334 794 1395 dives,
805 1336 859 1384 in
873 1334 1207 1387 Parthorum
1221 1336 1333 1387 iam
1349 1336 1564 1401 pridem
1580 1340 1760 1389 trans-

148 1402 270 1454 lata
291 1414 508 1456 nomen.
580 1402 800 1453 Horum
822 1402 890 1454 de
912 1402 1145 1468 imperio
1165 1418 1311 1454 nunc
1328 1404 1540 1469 paucis.

218 1472 421 1525 XXIX.
441 1471 630 1540 Regna
639 1469 971 1526 Parthorum
989 1470 1375 1540 duodeviginti
1391 1479 1526 1523 sunt
1540 1471 1756 1523 omnia:

143 1543 232 1592 ita
253 1541 398 1593 enim
422 1540 681 1596 dividunt
702 1540 1046 1608 provincias,
1081 1540 1231 1594 circa
1250 1540 1360 1594 duo
1385 1544 1470 1604 (ut
1494 1539 1758 1602 diximus)

124 1612 340 1672 *maria‚
382 1612 626 1663 Rubrum
647 1625 683 1661 a
706 1609 964 1674 meridie,
1007 1610 1330 1677 Hyrcanum
1349 1625 1385 1666 a
1404 1610 1760 1677 septemtrio-

144 1695 235 1731 ne.
307 1680 393 1731 Ex
413 1680 483 1731 iis
504 1680 780 1741 undecim,
821 1693 965 1747 quae
984 1680 1279 1745 superiora
1297 1678 1575 1740 dicuntur,
1615 1677 1754 1729 inci·

144 1752 304 1817 piunt
322 1764 356 1800 a
375 1750 613 1801 confinio
633 1749 939 1811 Armeniae,
959 1746 1283 1815 caspiisque
1304 1746 1567 1800 litoribus
1589 1764 1603 1799 t
1635 1761 1778 1812 per--

144 1815 328 1870 tinent
351 1819 424 1870 ad
448 1816 701 1886 Scythas,
723 1818 1067 1884 cum'quibus
1092 1831 1161 1870 ex
1180 1831 1361 1884 aequo
1383 1817 1607 1883 degunt.
1648 1815 1772 1865 Re·.

143 1888 300 1955 liqna
320 1895 529 1955 septem
549 1902 722 1957 regna
738 1886 1010 1940 inferiora
1029 1900 1101 1953 ap
1143 1885 1405 1938 ellantur.
1477 1884 1641 1946 Quod
1679 1884 1752 1934 ad

143 1955 389 2008 Parthos
425 1958 650 2021 attinet,
696 1971 918 2024 semper
952 1954 1067 2006 fuit
1150 1954 1337 2007 arthia
1370 1955 1444 2010 in,
1467 1952 1750 2009 radicibus

144 2025 412 2078 montium
453 2026 677 2093 saepius
714 2025 1019 2089 dictorum,
1061 2024 1158 2105 qui
1194 2039 1387 2078 omnes
1423 2039 1518 2076 eas
1544 2028 1749 2090 *gentes

143 2101 490 2161 praetexunt.
561 2095 750 2148 Habet
769 2096 839 2148 ab
857 2101 983 2147 ortu
1004 2098 1182 2156 Arios,
1219 2109 1256 2145 a
1273 2092 1503 2145 meridie
1526 2094 1750 2150 Carma-

145 2164 294 2216 niam
315 2170 372 2215 et
390 2164 642 2228 Arianos,
662 2166 732 2217 ab
755 2179 957 2218 occasu
969 2162 1491 2225 PratitasMedos,a
1512 2166 1749 2229 septem-

141 2233 331 2285 trione
349 2233 664 2300 Hyrcanos,
681 2232 927 2301 undique
949 2232 1189 2286 desertis
1209 2230 1411 2283 cincta.
1436 2231 1746 2284 Ulteriores

141 2299 330 2355 Parthi
351 2301 632 2355 Nomades
656 2303 1050 2370 appellanturz
1084 2301 1243 2363 citra,
1265 2299 1525 2353 deserta:
1562 2301 1631 2352 ab
1657 2314 1749 2352 oc-

144 2385 274 2423 casu
293 2372 460 2425 urbes
474 2387 690 2435 eorum,
711 2387 846 2438 quas
866 2370 1136 2431 diximus,
1172 2371 1363 2422 Issatis
1382 2376 1439 2422 et
1459 2368 1709 2436 Calliope
1731 2386 1744 2418 ε

143 2440 214 2492 ab
234 2441 450 2493 oriente
467 2442 696 2503 aestivo,
718 2442 1002 2506 Europum
1024 2457 1038 2490 a
1071 2440 1141 2491 ab
1160 2437 1411 2501 hiberno,
1432 2440 1622 2494 Mania
1644 2438 1744 2489 :in

142 2510 325 2563 medio
351 2509 809 2577 Hecatompylos,
847 2511 1090 2561 Arsacae
1128 2509 1286 2577 regia
1307 2526 1321 2559 ε
1364 2507 1570 2561 Nisaea
1611 2506 1742 2562 Par·

137 2575 374 2648 thyenes
399 2579 621 2641 nobilis,
642 2574 742 2631 uhi
760 2577 1223 2645 Alexandropolis
1243 2593 1277 2630 a
1298 2577 1601 2631 conditore.
1709 2591 1718 2594 *

1081 2689 1088 2692 .
1150 2651 1196 2701 Δ
1219 2662 1253 2699 a
1291 2649 1329 2699 2
