2009 3025
946 70 985 99 -,

283 138 601 198 marna.
657 92 1001 200 rusios.
1049 113 1215 203 nn.
1258 147 1578 204 V1.3o.31.
1652 150 1755 206 375

129 244 243 296 tie.
303 242 461 296 Loco
487 260 686 299 nomen
706 248 1010 316 Elegosine
1030 256 1133 304 est.
1189 252 1373 320 Ipsius
1411 267 1522 321 qua
1541 252 1756 305 tardior

131 313 287 376 fluit,
331 312 549 380 Diglito
572 334 586 367 z
630 317 778 368 unde
817 321 1133 372 concitatur
1149 356 1165 383 ,
1208 338 1243 374 a
1261 323 1552 374 celeritate
1571 322 1760 390 Tigris

136 383 346 464 incipit
363 386 592 437 -voca'ri.
663 386 751 438 lta
786 380 1068 452 appellant
1109 391 1264 442 Medi
1313 388 1598 459 sagittam.
1672 394 1759 443 ln-

138 451 272 505 fluit
290 453 353 503 in
373 452 555 505 lacum
570 453 921 518 Arethusam,
945 459 1138 513 omnia
1151 458 1317 513 illata
1333 460 1584 527 pondera
1596 476 1658 512 su
1666 460 1764 511 sti·

142 527 400 584 nentem,
442 528 500 575 e‘t
523 523 728 597 nitrum
759 526 977 578 nebulis
1002 526 1375 582 exhalantem.
1447 530 1625 580 Unum
1666 543 1760 596 ge·

144 606 257 642 uus
281 591 338 644 ei
358 591 591 658 piscium
618 599 722 657 est,
743 595 911 663 idque
932 600 1367 655 transcurrentis
1380 614 1490 649 non
1506 600 1768 650 miscetur

146 660 341 723 alveo,
382 661 529 714 sicut
550 677 651 745 nec
672 679 701 715 e
723 664 889 735 Tigri
909 666 1088 732 pisces
1111 667 1170 719 in
1191 669 1370 720 lacum
1397 672 1766 721 transnatant.

149 731 359 784 Fertur
378 737 571 784 autem
592 737 651 786 et
670 748 835 786 cursu
859 740 917 789 et
938 737 1126 791 colore
1165 736 1474 789 dissimilis:
1519 742 1767 787 transve·
1801 781 1822 801 ,

150 806 391 867 ctusque
416 809 742 856 occurrente
764 804 953 873 Tauro
988 811 1178 858 monte
1199 807 1256 858 in
1278 821 1446 872 specu
1469 805 1770 871 mergitur-2

150 868 461 937 subterque
481 871 672 939 lapsus
692 889 726 925 a
739 874 917 927 latere
938 874 1119 928 altero
1142 875 1262 928 cius
1284 876 1544 941 erumpit.
1581 874 1769 927 Locus

147 945 394 992 vocatur
435 940 758 998 Zoroanda..
803 943 1060 998 Eundem
1099 959 1223 997 esse
1263 945 1621 997 manifestum
1663 949 1793 1006 est,⁴

150 1007 311 1076 quod
335 1007 592 1063 demersa
628 1011 857 1080 perfert.
913 1014 1162 1066 Alterum
1206 1013 1408 1066 deinde
1444 1013 1656 1065 transit
1694 1012 1770 1063 la·

152 1093 305 1141 cum,
324 1080 423 1146 qui
445 1080 748 1148 Thespites
766 1082 1114 1150 appellatur:
1146 1097 1452 1151 rursusque
1473 1085 1529 1134 in
1553 1083 1753 1134 cunicu

149 1144 248 1199 los
272 1148 565 1217 mergitur,
584 1156 788 1218 etpost
808 1151 970 1206 XXV
991 1152 1129 1204 mill.
1147 1167 1410 1234 passuum
1434 1153 1582 1203 circa
1596 1151 1643 1203 N
1644 1165 1770 1221 ym-

155 1215 405 1284 phaeum
424 1217 695 1272 redditur.
735 1222 875 1275 Tam
900 1221 1142 1283 vicinum
1164 1223 1432 1274 Arsaniae
1452 1220 1630 1275 fluere*
1647 1234 1775 1271 eum

154 1287 218 1338 in
257 1287 489 1352 regione
526 1286 775 1340 Arrhene
815 1290 1079 1345 Claudius
1101 1292 1309 1342 Caesar
1329 1298 1528 1345 auctor
1547 1295 1650 1350 est,
1694 1295 1773 1349 ut,

156 1370 287 1429 cum
308 1355 644 1416 intumuere,
665 1354 963 1419 confluant,
986 1364 1296 1419 nectamen
1314 1358 1675 1409 misceantur:
1699 1357 1775 1408 le·

144 1425 394 1493 priorque
412 1424 673 1478 Arsanias
694 1423 914 1481 innatat
952 1424 1031 1477 IV
1070 1424 1150 1479 M.
1191 1424 1369 1479 ferme
1391 1426 1599 1492 spatio:
1642 1438 1776 1475 mox

161 1494 374 1547 divisus
395 1494 451 1545 in
473 1492 814 1561 Euphratem
835 1495 1127 1562 mergitur.
1159 1494 1351 1563 Tigris
1372 1500 1560 1547 autem
1584 1507 1652 1545 ex
1670 1493 1792 1545 Ar·.

160 1564 369 1626 menia,
389 1564 636 1630 acceptis
657 1562 979 1630 fluminibus
1001 1563 1168 1617 claris
1178 1559 1503 1627 Parthenia,
1524 1578 1590 1615 ac
1611 1562 1776 1613 Nice-

161 1633 459 1702 phorima
489 1635 700 1685 Arabas
722 1635 901 1688 Oreos
912 1634 1239 1688 Adiabenos
1279 1649 1348 1685 ue
1370 1631 1775 1691 disterminans,

158 1709 238 1757 ‚et
257 1717 437 1770 quamv
460 1701 702 1755 diximus
743 1701 1214 1769 Mesopotamiam
1280 1701 1485 1764 aciens,
1520 1701 1775 1753 lustratis

102 1825 111 1828 -
162 1772 450 1826 montibus
470 1771 900 1837 Gordyaeorum
924 1770 1372 1837 circaApamiam
1393 1772 1769 1834 Mesenesop-
1873 1773 1896 1782 ’

162 1840 377 1908 pidum,
412 1843 554 1894 citra
577 1839 884 1893 Seleuciam
906 1840 1277 1909 Babyloniam
1317 1839 1518 1892 CXXV
1541 1838 1620 1890 M.
1643 1852 1779 1903 pas·-

160 1926 329 1964 suum
352 1909 566 1962 divisus
587 1909 649 1961 in
669 1910 863 1963 alveos
882 1909 1050 1973 duos,
1078 1907 1573 1968 alterolmeridiem
1593 1922 1660 1958 ac
1681 1906 1776 1960 Se·

161 1978 403 2036 leuciam
443 1980 617 2048 petit,
656 1980 924 2033 Mesenen
962 1978 1342 2047 persuadeam
1386 1979 1564 2033 altero
1590 1976 1661 2027 ad
1683 1991 1769 2027 se·
1875 2000 1880 2005 ·

163 2050 558 2117 ptemtrionem
591 2048 790 2114 flexus,
835 2048 1082 2104 eiusdem
1121 2048 1307 2117 gentis
1348 2054 1511 2115 tergo
1551 2058 1774 2111 campos

114 2155 127 2159 -
166 2118 415 2171 cauchas
440 2124 610 2174 secat.
665 2119 772 2172 Ubi
792 2133 1112 2174 remeavere
1134 2132 1337 2185 aquae,
1366 2115 1660 2184 Pasitigris
1680 2129 1789 2179 apa
1869 2119 1870 2122 ’

165 2189 423 2255 pellatur.
475 2186 684 2241 Postea
702 2188 901 2255 recipit
923 2204 994 2241 ex
1014 2187 1210 2246 Media
1231 2186 1565 2254 choaspem:
1608 2189 1775 2250 atque

169 2262 256 2320 (ut
276 2258 539 2321 diximus)
558 2260 707 2312 inter
717 2257 1030 2312 Seleuciam
1052 2262 1110 2312 et
1123 2254 1541 2324 Ctesiphontem
1559 2260 1773 2315 vectus,

165 2328 227 2382 in
245 2326 398 2381 lacus
422 2325 748 2379 Chaldaicos
788 2342 852 2381 se
871 2326 1076 2390 fundit,
1118 2341 1325 2393 eosque
1344 2323 1505 2378 Lxx
1523 2324 1602 2376 M.
1625 2337 1771 2390 pass.
1877 2351 1888 2364 ι

166 2396 527 2465 amplitudine
546 2396 743 2464 implet
762 2414 778 2448 ε
819 2409 951 2447 mox
970 2399 1132 2447 vasto
1155 2394 1318 2450 alveo
1340 2392 1619 2462 profusus,
1641 2393 1773 2445 dex·
1867 2433 1874 2436 .

95 2523 103 2527 ,
165 2477 256 2519 tra
275 2466 541 2532 Characis
559 2464 752 2532 oppidi
771 2462 1014 2515 infertur
1030 2465 1171 2515 mari
1184 2462 1409 2520 Persico
1430 2461 1481 2521 X
1498 2463 1633 2530 mill.
1652 2476 1772 2528 pas-

167 2533 325 2592 suum
365 2550 480 2587 ore.
551 2535 706 2587 I‘nter
746 2532 978 2585 duorum
1019 2533 1267 2588 amnium
1307 2533 1458 2593 ostia
1493 2530 1654 2583 XXV
1688 2527 1771 2581 M:

166 2618 423 2675 passuum
449 2602 625 2665 sucre,
645 2607 741 2655 aut
779 2606 864 2667 (ut
883 2603 984 2656 alii
1002 2599 1263 2672 tradunt)
1309 2604 1411 2656 Vn
1433 2601 1511 2653 Μ.
1532 2608 1661 2652 utro
1701 2614 1772 2651 ue

166 2672 489 2744 naviflabili.
543 2671 653 2728 Sed
674 2672 844 2743 longo
872 2679 1125 2743 tempere
1145 2671 1492 2742 Euphratem
1511 2685 1679 2742 praec
1704 2683 1768 2721 u·
