2009 3025
266 584 813 691 c.31›1.1N11
914 530 1415 659 sEouNm

35 726 816 837 NATURALIS
886 740 1664 834 HISTORIAE

536 926 600 990 L
642 925 675 988 1
717 925 771 990 Β
814 926 876 990 Ε
912 926 968 990 R
1053 925 1137 989 V.
1661 932 1684 955 s

32 1186 384 1265 Amnem
426 1212 627 1264 Graeci
657 1212 892 1279 Libyam
926 1212 1305 1279 appellavere,
1342 1227 1452 1279 qua
1490 1209 1664 1263 mare'

36 1291 174 1333 ante
193 1296 318 1332 eam
341 1281 610 1347 Libycum
645 1283 913 1346 incipiens
938 1283 1212 1348 Aegyptio
1248 1282 1453 1332 finitur.
1524 1281 1644 1332 Nee

35 1352 150 1401 alia
178 1362 311 1415 pars
334 1354 606 1398 terrarum
628 1351 917 1411 pauciores
938 1352 1140 1414 recipit
1157 1353 1331 1411 sinus,
1377 1349 1543 1414 longe
1571 1351 1644 1400 ab
1717 1370 1722 1373 Α

37 1420 333 1471 occidente
367 1416 595 1465 litorum
621 1416 844 1482 obliquo
869 1419 1064 1481 spatio.
1139 1417 1474 1483 Populorum
1520 1417 1644 1469 eius

35 1488 486 1559 oppidorumque
510 1484 735 1535 nomina
757 1486 841 1536 vel
870 1485 1105 1536 maxime
1148 1492 1277 1536 sunt
1315 1484 1651 1549 ineffabilia,

31 1559 431 1628 praeterquam
458 1555 705 1620 ipsorum
728 1553 950 1619 linguiS,
989 1560 1046 1605 et
1066 1554 1202 1604 alias
1227 1555 1454 1608 castella
1473 1553 1646 1606 ferme

32 1627 379 1684 inhabitant.
1083 1629 1088 1632 '
1331 1640 1342 1648 ’

102 1698 150 1749 Ιζ
193 1691 477 1758 Principio
499 1696 767 1743 terrarum
784 1689 1162 1741 Mauritaniae
1183 1689 1646 1755 appellantur‚'us;

34 1780 147 1833 que
174 1762 247 1813 ad
273 1762 330 1812 C.
356 1763 644 1812 Caesarem
669 1759 984 1811 Germanici
1003 1760 1175 1809 filium
1202 1773 1396 1824 regna,
1420 1761 1654 1811 saevitia

32 1837 162 1889 eius
186 1826 247 1881 in
269 1829 403 1881 duas
424 1831 636 1880 divisae
659 1829 992 1895 provincias,
1033 1819 1471 1879 Promontorium
1495 1842 1650 1879 ocea-

32 1905 93 1955 ni
114 1902 390 1953 extimum
412 1899 730 1964 Ampelusia
753 1899 1073 1948 nominatur
1094 1912 1127 1947 a
1147 1895 1395 1947 Graecis.
1435 1897 1654 1963 Oppida‘

32 1973 206 2025 fuere
228 1969 393 2020 Lissa
413 1975 469 2022 et
493 1969 658 2019 Cotta
684 1968 833 2018 ultra
862 1966 1147 2018 columnas
1173 1964 1463 2017 Herculis:
1506 1980 1652 2016 nuuc

34 2047 127 2094 est
150 2038 351 2105 Tingi,
394 2036 669 2105 quondam
693 2037 762 2088 ab
785 2038 998 2087 Antaeo
1026 2035 1341 2098 conditum3
1383 2040 1578 2101 postea
1615 2049 1649 2085 a

34 2108 286 2162 Claudio
310 2108 569 2170 Caesare,
590 2121 710 2156 cum
733 2105 1009 2157 coloniam
1032 2105 1260 2165 faceret,
1305 2104 1646 2169 appellatum

33 2176 333 2233 Traducta
376 2175 533 2226 lulia.
602 2176 773 2226 Abest
798 2189 831 2225 a
854 2175 1081 2236 Belone,
1121 2171 1327 2240 oppido
1365 2172 1647 2234 Baeticae,

30 2246 303 2317 proximo
329 2245 564 2297 traiectu
585 2243 743 2294 XXX
761 2243 838 2293 M.
852 2259 995 2310 pass.
1032 2244 1112 2293 Ab
1134 2258 1201 2294 eo
1223 2241 1382 2294 XXV
1401 2242 1476 2291 M.
1499 2256 1643 2307 pase.

29 2321 94 2371 in
121 2322 231 2367 'ora
255 2315 447 2365 oceani
477 2312 698 2364 colonia
714 2313 946 2378 Augusti
968 2312 1113 2362 Iulia
1135 2311 1462 2362 Constantia
1489 2309 1646 2372 Zilis,

28 2398 243 2455 regum
265 2381 457 2433 ditioni
482 2388 720 2444 exemta,
733 2387 789 2432 et
811 2381 931 2430 iura
947 2381 1003 2428 in
1016 2379 1297 2431 Baeticam
1325 2386 1513 2445 petere
1534 2380 1647 2429 ius-

31 2473 132 2509 sa:
160 2459 221 2506 et
236 2453 305 2502 ab
323 2466 392 2503 ea
408 2450 613 2501 xxxn
635 2451 711 2500 M.
723 2464 868 2515 pass.
886 2447 1107 2500 colonia
1120 2464 1153 2498 a
1166 2449 1392 2501 Claudio
1409 2448 1646 2499 Caesare

31 2526 205 2579 facta
224 2521 420 2581 Lintea,
444 2520 535 2570 vel
559 2518 969 2569 fabulosissime
993 2517 1233 2580 antiquis
1255 2525 1494 2567 narrata.
1565 2516 1649 2567 lbi
1754 2513 1770 2522 ”

36 2594 212 2660 regia
232 2589 445 2650 Antaei,
465 2593 849 2653 certamenque
871 2600 989 2637 cum
1016 2584 1276 2635 Herculei
1307 2585 1645 2650 etflesperi-

41 2667 186 2716 dum
212 2659 381 2712 horti.
451 2654 761 2709 Affunditur
783 2654 1123 2731 aestuarium
1151 2668 1185 2706 e
1218 2652 1359 2704 mari
1397 2651 1646 2705 flexuoso
