<?xml version="1.0" encoding="UTF-8"?>
<!DOCTYPE html PUBLIC "-//W3C//DTD XHTML 1.0 Transitional//EN"
    "http://www.w3.org/TR/xhtml1/DTD/xhtml1-transitional.dtd">
<html xmlns="http://www.w3.org/1999/xhtml" xml:lang="en" lang="en">
 <head>
  <title>
</title>
<meta http-equiv="Content-Type" content="text/html;charset=utf-8" />
  <meta name='ocr-system' content='tesseract 3.04.00' />
  <meta name='ocr-capabilities' content='ocr_page ocr_carea ocr_par ocr_line ocrx_word'/>
</head>
<body>
  <div class='ocr_page' id='page_1' title='image "./caiipliniisecun04plingoog_0402.png"; bbox 0 0 2009 3025; ppageno 0'>
   <div class='ocr_carea' id='block_1_1' title="bbox 294 113 1555 202">
    <p class='ocr_par' dir='ltr' id='par_1_1' title="bbox 294 113 1555 202">
     <span class='ocr_line' id='line_1_1' title="bbox 294 113 1555 202; baseline -0.006 -25"><span class='ocrx_word' id='word_1_1' title='bbox 294 119 403 177; x_wconf 74' lang='lat'><strong>396</strong></span> <span class='ocrx_word' id='word_1_2' title='bbox 694 119 756 173; x_wconf 92' lang='lat' dir='ltr'><strong>c.</strong></span> <span class='ocrx_word' id='word_1_3' title='bbox 826 115 1107 172; x_wconf 79' lang='lat' dir='ltr'><strong>PmNu</strong></span> <span class='ocrx_word' id='word_1_4' title='bbox 1175 113 1555 202; x_wconf 48' lang='lat' dir='ltr'><strong>seculum</strong></span> 
     </span>
    </p>
   </div>
   <div class='ocr_carea' id='block_1_2' title="bbox 220 218 1903 431">
    <p class='ocr_par' dir='ltr' id='par_1_2' title="bbox 220 218 1903 431">
     <span class='ocr_line' id='line_1_2' title="bbox 294 218 1880 290; baseline -0.004 -11"><span class='ocrx_word' id='word_1_5' title='bbox 294 225 541 279; x_wconf 83' lang='lat' dir='ltr'><strong>societas</strong></span> <span class='ocrx_word' id='word_1_6' title='bbox 565 223 673 286; x_wconf 83' lang='lat' dir='ltr'><strong>sit,</strong></span> <span class='ocrx_word' id='word_1_7' title='bbox 702 222 827 278; x_wconf 81' lang='lat' dir='ltr'><strong>sive</strong></span> <span class='ocrx_word' id='word_1_8' title='bbox 847 221 1115 290; x_wconf 83' lang='lat' dir='ltr'><strong>cognatio</strong></span> <span class='ocrx_word' id='word_1_9' title='bbox 1138 218 1354 272; x_wconf 81' lang='lat' dir='ltr'><strong>dierum</strong></span> <span class='ocrx_word' id='word_1_10' title='bbox 1374 234 1444 273; x_wconf 91' lang='lat' dir='ltr'><strong>ac</strong></span> <span class='ocrx_word' id='word_1_11' title='bbox 1472 221 1719 274; x_wconf 88' lang='lat' dir='ltr'><strong>noctium</strong></span> <span class='ocrx_word' id='word_1_12' title='bbox 1736 256 1757 285; x_wconf 94' lang='lat'><strong>,</strong></span> <span class='ocrx_word' id='word_1_13' title='bbox 1784 224 1880 290; x_wconf 79' lang='lat' dir='ltr'><strong>qui</strong></span> 
     </span>
     <span class='ocr_line' id='line_1_3' title="bbox 220 291 1900 362; baseline -0.001 -15"><span class='ocrx_word' id='word_1_14' title='bbox 220 330 227 341; x_wconf 80' lang='lat'><strong>·</strong></span> <span class='ocrx_word' id='word_1_15' title='bbox 291 298 508 362; x_wconf 76' lang='lat' dir='ltr'><strong>busque</strong></span> <span class='ocrx_word' id='word_1_16' title='bbox 538 294 693 346; x_wconf 89' lang='lat' dir='ltr'><strong>inter</strong></span> <span class='ocrx_word' id='word_1_17' title='bbox 725 308 787 345; x_wconf 86' lang='lat' dir='ltr'><strong>se</strong></span> <span class='ocrx_word' id='word_1_18' title='bbox 822 306 988 359; x_wconf 80' lang='lat' dir='ltr'><strong>pares</strong></span> <span class='ocrx_word' id='word_1_19' title='bbox 1016 291 1249 342; x_wconf 78' lang='lat' dir='ltr'>umbrae</span> <span class='ocrx_word' id='word_1_20' title='bbox 1267 297 1327 343; x_wconf 89' lang='lat' dir='ltr'><strong>et</strong></span> <span class='ocrx_word' id='word_1_21' title='bbox 1347 304 1532 357; x_wconf 84' lang='lat' dir='ltr'><strong>aequa</strong></span> <span class='ocrx_word' id='word_1_22' title='bbox 1550 293 1749 344; x_wconf 81' lang='lat' dir='ltr'><strong>mundi</strong></span> <span class='ocrx_word' id='word_1_23' title='bbox 1774 308 1900 345; x_wconf 85' lang='lat' dir='ltr'><strong>con·</strong></span> 
     </span>
     <span class='ocr_line' id='line_1_4' title="bbox 290 359 1903 431; baseline -0.001 -16"><span class='ocrx_word' id='word_1_24' title='bbox 290 364 530 416; x_wconf 80' lang='lat' dir='ltr'><strong>vexitas.</strong></span> <span class='ocrx_word' id='word_1_25' title='bbox 573 365 729 431; x_wconf 83' lang='lat' dir='ltr'><strong>Ergo</strong></span> <span class='ocrx_word' id='word_1_26' title='bbox 748 361 1018 415; x_wconf 82' lang='lat' dir='ltr'><strong>reddetur</strong></span> <span class='ocrx_word' id='word_1_27' title='bbox 1036 359 1146 412; x_wconf 86' lang='lat' dir='ltr'><strong>hoc</strong></span> <span class='ocrx_word' id='word_1_28' title='bbox 1164 360 1351 424; x_wconf 87' lang='lat' dir='ltr'><strong>etiam,</strong></span> <span class='ocrx_word' id='word_1_29' title='bbox 1374 367 1678 428; x_wconf 75' lang='lat' dir='ltr'><strong>terraeque</strong></span> <span class='ocrx_word' id='word_1_30' title='bbox 1687 364 1903 414; x_wconf 70' lang='lat' dir='ltr'><strong>uniret·</strong></span> 
     </span>
    </p>
   </div>
   <div class='ocr_carea' id='block_1_3' title="bbox 182 429 1905 499">
    <p class='ocr_par' dir='ltr' id='par_1_3' title="bbox 182 429 1905 499">
     <span class='ocr_line' id='line_1_5' title="bbox 182 429 1905 499; baseline -0.001 -15"><span class='ocrx_word' id='word_1_31' title='bbox 182 432 192 439; x_wconf 81' lang='lat'><strong>&#39;</strong></span> <span class='ocrx_word' id='word_1_32' title='bbox 296 448 397 485; x_wconf 79' lang='lat' dir='ltr'><strong>sae</strong></span> <span class='ocrx_word' id='word_1_33' title='bbox 418 435 478 484; x_wconf 91' lang='lat' dir='ltr'><strong>in</strong></span> <span class='ocrx_word' id='word_1_34' title='bbox 492 433 745 485; x_wconf 84' lang='lat' dir='ltr'><strong>membra</strong></span> <span class='ocrx_word' id='word_1_35' title='bbox 763 433 905 485; x_wconf 84' lang='lat' dir='ltr'><strong>caeli</strong></span> <span class='ocrx_word' id='word_1_36' title='bbox 937 430 1279 499; x_wconf 73' lang='lat' dir='ltr'><strong>digerentur.</strong></span> <span class='ocrx_word' id='word_1_37' title='bbox 1347 429 1522 482; x_wconf 85' lang='lat' dir='ltr'><strong>Plora</strong></span> <span class='ocrx_word' id='word_1_38' title='bbox 1556 436 1692 484; x_wconf 67' lang='lat' dir='ltr'><strong>su&#39;ne</strong></span> <span class='ocrx_word' id='word_1_39' title='bbox 1722 437 1905 483; x_wconf 85' lang='lat' dir='ltr'><strong>autem</strong></span> 
     </span>
    </p>
   </div>
   <div class='ocr_carea' id='block_1_4' title="bbox 235 498 1984 2707">
    <p class='ocr_par' dir='ltr' id='par_1_4' title="bbox 290 498 1906 639">
     <span class='ocr_line' id='line_1_6' title="bbox 290 498 1906 571; baseline -0.001 -17"><span class='ocrx_word' id='word_1_40' title='bbox 290 498 433 556; x_wconf 82' lang='lat' dir='ltr'><strong>haec</strong></span> <span class='ocrx_word' id='word_1_41' title='bbox 450 506 745 570; x_wconf 79' lang='lat' dir='ltr'><strong>segmenta</strong></span> <span class='ocrx_word' id='word_1_42' title='bbox 761 500 982 563; x_wconf 86' lang='lat' dir='ltr'><strong>mundi,</strong></span> <span class='ocrx_word' id='word_1_43' title='bbox 998 515 1146 569; x_wconf 84' lang='lat' dir='ltr'><strong>quae</strong></span> <span class='ocrx_word' id='word_1_44' title='bbox 1164 499 1352 554; x_wconf 80' lang='lat' dir='ltr'><strong>nostri</strong></span> <span class='ocrx_word' id='word_1_45' title='bbox 1381 498 1630 553; x_wconf 83' lang='lat' dir='ltr'><strong>circulos</strong></span> <span class='ocrx_word' id='word_1_46' title='bbox 1658 499 1906 571; x_wconf 78' lang='lat' dir='ltr'><strong>appella-</strong></span> 
     </span>
     <span class='ocr_line' id='line_1_7' title="bbox 293 567 1584 639; baseline 0 -16"><span class='ocrx_word' id='word_1_47' title='bbox 293 586 461 634; x_wconf 73' lang='lat' dir='ltr'><strong>vere,</strong></span> <span class='ocrx_word' id='word_1_48' title='bbox 480 571 682 624; x_wconf 83' lang='lat' dir='ltr'><strong>Graeci</strong></span> <span class='ocrx_word' id='word_1_49' title='bbox 703 567 1025 639; x_wconf 66' lang='lat' dir='ltr'><strong>parallelos.</strong></span> <span class='ocrx_word' id='word_1_50' title='bbox 1575 614 1584 623; x_wconf 90' lang='lat'><strong>.</strong></span> 
     </span>
    </p>

    <p class='ocr_par' dir='ltr' id='par_1_5' title="bbox 291 636 1908 776">
     <span class='ocr_line' id='line_1_8' title="bbox 365 636 1908 708; baseline -0.003 -15"><span class='ocrx_word' id='word_1_51' title='bbox 365 636 719 708; x_wconf 79' lang='lat' dir='ltr'><strong>Principium</strong></span> <span class='ocrx_word' id='word_1_52' title='bbox 747 638 919 691; x_wconf 88' lang='lat' dir='ltr'><strong>habet</strong></span> <span class='ocrx_word' id='word_1_53' title='bbox 948 637 1142 691; x_wconf 86' lang='lat' dir='ltr'><strong>Indiae</strong></span> <span class='ocrx_word' id='word_1_54' title='bbox 1170 653 1305 706; x_wconf 78' lang='lat' dir='ltr'><strong>pars</strong></span> <span class='ocrx_word' id='word_1_55' title='bbox 1331 652 1496 694; x_wconf 80' lang='lat' dir='ltr'><strong>versa·</strong></span> <span class='ocrx_word' id='word_1_56' title='bbox 1530 637 1605 692; x_wconf 83' lang='lat' dir='ltr'><strong>ad</strong></span> <span class='ocrx_word' id='word_1_57' title='bbox 1638 646 1908 692; x_wconf 81' lang='lat' dir='ltr'><strong>austrum.</strong></span> 
     </span>
     <span class='ocr_line' id='line_1_9' title="bbox 291 708 1907 776; baseline -0.002 -14"><span class='ocrx_word' id='word_1_58' title='bbox 291 708 462 762; x_wconf 84' lang='lat' dir='ltr'><strong>Patet</strong></span> <span class='ocrx_word' id='word_1_59' title='bbox 481 723 659 776; x_wconf 82' lang='lat' dir='ltr'><strong>usque</strong></span> <span class='ocrx_word' id='word_1_60' title='bbox 675 709 941 761; x_wconf 76' lang='lat' dir='ltr'><strong>Arabiam</strong></span> <span class='ocrx_word' id='word_1_61' title='bbox 961 715 1021 761; x_wconf 89' lang='lat' dir='ltr'><strong>et</strong></span> <span class='ocrx_word' id='word_1_62' title='bbox 1038 708 1213 760; x_wconf 84' lang='lat' dir='ltr'><strong>Rubri</strong></span> <span class='ocrx_word' id='word_1_63' title='bbox 1233 709 1410 761; x_wconf 83' lang='lat' dir='ltr'><strong>maris</strong></span> <span class='ocrx_word' id='word_1_64' title='bbox 1428 708 1674 762; x_wconf 66' lang='lat' dir='ltr'><strong>accolas.</strong></span> <span class='ocrx_word' id='word_1_65' title='bbox 1721 710 1907 760; x_wconf 85' lang='lat' dir='ltr'><strong>Conti-</strong></span> 
     </span>
    </p>

    <p class='ocr_par' dir='ltr' id='par_1_6' title="bbox 236 775 1984 1539">
     <span class='ocr_line' id='line_1_10' title="bbox 236 775 1984 846; baseline 0.001 -15"><span class='ocrx_word' id='word_1_66' title='bbox 236 816 245 837; x_wconf 86' lang='grc'><em>,</em></span> <span class='ocrx_word' id='word_1_67' title='bbox 291 784 503 832; x_wconf 75' lang='lat' dir='ltr'><strong>nentur</strong></span> <span class='ocrx_word' id='word_1_68' title='bbox 516 777 779 841; x_wconf 75' lang='lat' dir='ltr'>Gedrosi,</span> <span class='ocrx_word' id='word_1_69' title='bbox 793 778 1024 840; x_wconf 85' lang='lat' dir='ltr'><strong>Persae,</strong></span> <span class='ocrx_word' id='word_1_70' title='bbox 1046 778 1326 840; x_wconf 82' lang='lat' dir='ltr'><strong>Carmani,</strong></span> <span class='ocrx_word' id='word_1_71' title='bbox 1340 778 1623 846; x_wconf 82' lang='lat' dir='ltr'><strong>Elymaei,</strong></span> <span class='ocrx_word' id='word_1_72' title='bbox 1641 775 1909 844; x_wconf 85' lang='lat' dir='ltr'><strong>Parthye·</strong></span> <span class='ocrx_word' id='word_1_73' title='bbox 1983 830 1984 833; x_wconf 74' lang='grc'>,</span> 
     </span>
     <span class='ocr_line' id='line_1_11' title="bbox 291 845 1910 913; baseline -0.001 -14"><span class='ocrx_word' id='word_1_74' title='bbox 291 862 363 901; x_wconf 89' lang='lat' dir='ltr'><strong>ne</strong></span> <span class='ocrx_word' id='word_1_75' title='bbox 376 884 396 911; x_wconf 98' lang='lat'><strong>,</strong></span> <span class='ocrx_word' id='word_1_76' title='bbox 412 847 579 911; x_wconf 81' lang='lat' dir='ltr'><strong>Aria,</strong></span> <span class='ocrx_word' id='word_1_77' title='bbox 598 846 861 911; x_wconf 84' lang='lat' dir='ltr'><strong>Susiane,</strong></span> <span class='ocrx_word' id='word_1_78' title='bbox 877 847 1325 913; x_wconf 76' lang='lat' dir='ltr'><strong>Mesopotamia,</strong></span> <span class='ocrx_word' id='word_1_79' title='bbox 1342 845 1602 906; x_wconf 69' lang='lat' dir='ltr'><strong>Seleucia</strong></span> <span class='ocrx_word' id='word_1_80' title='bbox 1629 847 1910 913; x_wconf 80' lang='lat' dir='ltr'><strong>cognomi·</strong></span> 
     </span>
     <span class='ocr_line' id='line_1_12' title="bbox 290 912 1910 984; baseline -0.001 -16"><span class='ocrx_word' id='word_1_81' title='bbox 290 925 430 969; x_wconf 85' lang='lat' dir='ltr'><strong>nata</strong></span> <span class='ocrx_word' id='word_1_82' title='bbox 449 916 791 984; x_wconf 88' lang='lat' dir='ltr'><strong>Babonnia,</strong></span> <span class='ocrx_word' id='word_1_83' title='bbox 806 916 1015 969; x_wconf 79' lang='lat' dir='ltr'><strong>Arabia</strong></span> <span class='ocrx_word' id='word_1_84' title='bbox 1037 916 1109 969; x_wconf 89' lang='lat' dir='ltr'><strong>ad</strong></span> <span class='ocrx_word' id='word_1_85' title='bbox 1128 917 1334 969; x_wconf 81' lang='lat' dir='ltr'><strong>Petras</strong></span> <span class='ocrx_word' id='word_1_86' title='bbox 1346 912 1716 984; x_wconf 75' lang='lat' dir='ltr'><strong>usqu‘e‚Syria</strong></span> <span class='ocrx_word' id='word_1_87' title='bbox 1725 915 1910 977; x_wconf 84' lang='lat' dir='ltr'><strong>Coele,</strong></span> 
     </span>
     <span class='ocr_line' id='line_1_13' title="bbox 288 983 1911 1054; baseline -0.001 -16"><span class='ocrx_word' id='word_1_88' title='bbox 288 985 848 1054; x_wconf 77' lang='lat' dir='ltr'><strong>Pelusium,Aegypti</strong></span> <span class='ocrx_word' id='word_1_89' title='bbox 864 984 1157 1049; x_wconf 79' lang='lat' dir='ltr'><strong>inferiora,</strong></span> <span class='ocrx_word' id='word_1_90' title='bbox 1171 983 1490 1053; x_wconf 67' lang='lat' dir='ltr'><strong>quanoipoe</strong></span> <span class='ocrx_word' id='word_1_91' title='bbox 1506 985 1911 1038; x_wconf 76' lang='lat' dir='ltr'><strong>vocaturAlex·</strong></span> 
     </span>
     <span class='ocr_line' id='line_1_14' title="bbox 295 1053 1956 1123; baseline -0.001 -17"><span class='ocrx_word' id='word_1_92' title='bbox 295 1054 567 1118; x_wconf 81' lang='lat' dir='ltr'><strong>andriae,</strong></span> <span class='ocrx_word' id='word_1_93' title='bbox 590 1054 821 1109; x_wconf 77' lang='lat' dir='ltr'><strong>Africae</strong></span> <span class='ocrx_word' id='word_1_94' title='bbox 853 1054 1174 1118; x_wconf 81' lang='lat' dir='ltr'><strong>maritima,</strong></span> <span class='ocrx_word' id='word_1_95' title='bbox 1200 1054 1512 1123; x_wconf 82' lang='lat' dir='ltr'><strong>Cyrenaica</strong></span> <span class='ocrx_word' id='word_1_96' title='bbox 1549 1053 1763 1122; x_wconf 83' lang='lat' dir='ltr'><strong>oppida</strong></span> <span class='ocrx_word' id='word_1_97' title='bbox 1797 1069 1910 1106; x_wconf 85' lang='lat' dir='ltr'><strong>om·</strong></span> <span class='ocrx_word' id='word_1_98' title='bbox 1953 1078 1956 1079; x_wconf 36' lang='lat'><em>⁷</em></span> 
     </span>
     <span class='ocr_line' id='line_1_15' title="bbox 291 1121 1911 1191; baseline 0.001 -19"><span class='ocrx_word' id='word_1_99' title='bbox 291 1125 418 1184; x_wconf 88' lang='lat' dir='ltr'><strong>nia,</strong></span> <span class='ocrx_word' id='word_1_100' title='bbox 437 1121 722 1188; x_wconf 85' lang='lat' dir='ltr'><strong>Thapsus,</strong></span> <span class='ocrx_word' id='word_1_101' title='bbox 740 1123 1133 1187; x_wconf 83' lang='lat' dir='ltr'><strong>Adrumetum,</strong></span> <span class='ocrx_word' id='word_1_102' title='bbox 1155 1124 1390 1191; x_wconf 77' lang='lat' dir='ltr'><strong>Clupea,</strong></span> <span class='ocrx_word' id='word_1_103' title='bbox 1408 1122 1714 1190; x_wconf 83' lang='lat' dir='ltr'><strong>Carthago,</strong></span> <span class='ocrx_word' id='word_1_104' title='bbox 1732 1123 1911 1184; x_wconf 84' lang='lat' dir='ltr'><strong>Utica,</strong></span> 
     </span>
     <span class='ocr_line' id='line_1_16' title="bbox 292 1190 1911 1259; baseline 0.002 -18"><span class='ocrx_word' id='word_1_105' title='bbox 292 1196 531 1258; x_wconf 85' lang='lat' dir='ltr'><strong>uterque</strong></span> <span class='ocrx_word' id='word_1_106' title='bbox 544 1190 758 1259; x_wconf 80' lang='lat' dir='ltr'>Hippo,</span> <span class='ocrx_word' id='word_1_107' title='bbox 779 1191 1069 1254; x_wconf 81' lang='lat' dir='ltr'><strong>Numidia,</strong></span> <span class='ocrx_word' id='word_1_108' title='bbox 1087 1192 1434 1247; x_wconf 68' lang='lat' dir='ltr'><strong>Mauritania</strong></span> <span class='ocrx_word' id='word_1_109' title='bbox 1448 1198 1704 1258; x_wconf 83' lang='lat' dir='ltr'><strong>utraque,</strong></span> <span class='ocrx_word' id='word_1_110' title='bbox 1723 1192 1911 1244; x_wconf 83' lang='lat' dir='ltr'><strong>Atlan-</strong></span> 
     </span>
     <span class='ocr_line' id='line_1_17' title="bbox 292 1258 1908 1321; baseline -0.002 -9"><span class='ocrx_word' id='word_1_111' title='bbox 292 1261 473 1312; x_wconf 82' lang='lat' dir='ltr'><strong>ticum</strong></span> <span class='ocrx_word' id='word_1_112' title='bbox 504 1273 696 1321; x_wconf 90' lang='lat' dir='ltr'><strong>mare‚</strong></span> <span class='ocrx_word' id='word_1_113' title='bbox 742 1259 1034 1311; x_wconf 72' lang='lat' dir='ltr'><strong>columnae</strong></span> <span class='ocrx_word' id='word_1_114' title='bbox 1063 1261 1348 1312; x_wconf 85' lang='lat' dir='ltr'><strong>Herculis.</strong></span> <span class='ocrx_word' id='word_1_115' title='bbox 1408 1259 1474 1310; x_wconf 85' lang='lat' dir='ltr'><strong>ln</strong></span> <span class='ocrx_word' id='word_1_116' title='bbox 1502 1258 1616 1310; x_wconf 82' lang='lat' dir='ltr'><strong>hoc</strong></span> <span class='ocrx_word' id='word_1_117' title='bbox 1645 1260 1792 1311; x_wconf 85' lang='lat' dir='ltr'><strong>caeli</strong></span> <span class='ocrx_word' id='word_1_118' title='bbox 1810 1263 1908 1310; x_wconf 86' lang='lat' dir='ltr'><strong>cir-</strong></span> 
     </span>
     <span class='ocr_line' id='line_1_18' title="bbox 298 1327 1907 1396; baseline -0.001 -15"><span class='ocrx_word' id='word_1_119' title='bbox 298 1327 577 1381; x_wconf 80' lang='lat' dir='ltr'><strong>cumflexu</strong></span> <span class='ocrx_word' id='word_1_120' title='bbox 616 1329 961 1396; x_wconf 76' lang='lat' dir='ltr'><strong>aequinoctii</strong></span> <span class='ocrx_word' id='word_1_121' title='bbox 996 1328 1098 1380; x_wconf 75' lang='lat' dir='ltr'><strong>dle</strong></span> <span class='ocrx_word' id='word_1_122' title='bbox 1128 1328 1346 1388; x_wconf 83' lang='lat' dir='ltr'><strong>med-ia,</strong></span> <span class='ocrx_word' id='word_1_123' title='bbox 1378 1327 1712 1390; x_wconf 76' lang='lat' dir='ltr'><strong>umbilicus,</strong></span> <span class='ocrx_word' id='word_1_124' title='bbox 1750 1343 1907 1395; x_wconf 82' lang='lat' dir='ltr'><strong>quem</strong></span> 
     </span>
     <span class='ocr_line' id='line_1_19' title="bbox 300 1394 1910 1464; baseline -0.002 -13"><span class='ocrx_word' id='word_1_125' title='bbox 300 1399 652 1459; x_wconf 81' lang='lat' dir='ltr'><strong>Gnomonem</strong></span> <span class='ocrx_word' id='word_1_126' title='bbox 674 1404 906 1460; x_wconf 85' lang='lat' dir='ltr'><strong>vocant,</strong></span> <span class='ocrx_word' id='word_1_127' title='bbox 936 1396 1037 1449; x_wconf 86' lang='lat' dir='ltr'><strong>vu</strong></span> <span class='ocrx_word' id='word_1_128' title='bbox 1059 1394 1484 1464; x_wconf 79' lang='lat' dir='ltr'><strong>pedes&#39;longus,</strong></span> <span class='ocrx_word' id='word_1_129' title='bbox 1512 1395 1770 1461; x_wconf 75' lang='lat' dir='ltr'><strong>umbram</strong></span> <span class='ocrx_word' id='word_1_130' title='bbox 1804 1411 1910 1448; x_wconf 86' lang='lat' dir='ltr'><strong>non</strong></span> 
     </span>
     <span class='ocr_line' id='line_1_20' title="bbox 301 1464 1910 1539; baseline -0.001 -19"><span class='ocrx_word' id='word_1_131' title='bbox 301 1467 543 1535; x_wconf 80' lang='lat' dir='ltr'><strong>amplius</strong></span> <span class='ocrx_word' id='word_1_132' title='bbox 561 1469 642 1522; x_wconf 87' lang='lat' dir='ltr'><strong>IV</strong></span> <span class='ocrx_word' id='word_1_133' title='bbox 667 1468 838 1539; x_wconf 80' lang='lat' dir='ltr'><strong>pedes</strong></span> <span class='ocrx_word' id='word_1_134' title='bbox 857 1468 1084 1535; x_wconf 84' lang='lat' dir='ltr'><strong>longam</strong></span> <span class='ocrx_word' id='word_1_135' title='bbox 1104 1464 1314 1519; x_wconf 76' lang='lat' dir='ltr'><strong>reddit.</strong></span> <span class='ocrx_word' id='word_1_136' title='bbox 1383 1464 1580 1517; x_wconf 84' lang='lat' dir='ltr'><strong>Noctis</strong></span> <span class='ocrx_word' id='word_1_137' title='bbox 1599 1479 1743 1518; x_wconf 78' lang='lat' dir='ltr'><strong>vero</strong></span> <span class='ocrx_word' id='word_1_138' title='bbox 1778 1466 1910 1519; x_wconf 86' lang='lat' dir='ltr'><strong>diei·</strong></span> 
     </span>
    </p>

    <p class='ocr_par' dir='ltr' id='par_1_7' title="bbox 235 1534 1912 1669">
     <span class='ocr_line' id='line_1_21' title="bbox 235 1534 1912 1606; baseline -0.001 -16"><span class='ocrx_word' id='word_1_139' title='bbox 235 1543 250 1549; x_wconf 78' lang='grc'><strong>”</strong></span> <span class='ocrx_word' id='word_1_140' title='bbox 296 1554 407 1606; x_wconf 85' lang='lat' dir='ltr'><strong>que</strong></span> <span class='ocrx_word' id='word_1_141' title='bbox 427 1538 758 1604; x_wconf 86' lang='lat' dir='ltr'><strong>longissima</strong></span> <span class='ocrx_word' id='word_1_142' title='bbox 775 1537 969 1604; x_wconf 83' lang='lat' dir='ltr'><strong>spatia</strong></span> <span class='ocrx_word' id='word_1_143' title='bbox 997 1534 1172 1588; x_wconf 78' lang='lat' dir='ltr'><strong>horas</strong></span> <span class='ocrx_word' id='word_1_144' title='bbox 1188 1534 1319 1587; x_wconf 88' lang='lat' dir='ltr'><strong>XIV</strong></span> <span class='ocrx_word' id='word_1_145' title='bbox 1338 1535 1794 1603; x_wconf 74' lang='lat' dir='ltr'><strong>aequinoctiales</strong></span> <span class='ocrx_word' id='word_1_146' title='bbox 1821 1534 1912 1588; x_wconf 81' lang='lat' dir='ltr'><strong>ha·</strong></span> 
     </span>
     <span class='ocr_line' id='line_1_22' title="bbox 289 1603 1250 1669; baseline -0.003 -8"><span class='ocrx_word' id='word_1_147' title='bbox 289 1609 444 1669; x_wconf 87' lang='lat' dir='ltr'><strong>bent,</strong></span> <span class='ocrx_word' id='word_1_148' title='bbox 466 1607 795 1660; x_wconf 81' lang='lat' dir='ltr'><strong>brevissima:</strong></span> <span class='ocrx_word' id='word_1_149' title='bbox 813 1622 853 1658; x_wconf 84' lang='lat' dir='ltr'><strong>e</strong></span> <span class='ocrx_word' id='word_1_150' title='bbox 866 1605 1160 1659; x_wconf 77' lang='lat' dir='ltr'><strong>contrario</strong></span> <span class='ocrx_word' id='word_1_151' title='bbox 1172 1603 1250 1658; x_wconf 80' lang='lat' dir='ltr'><strong>X.</strong></span> 
     </span>
    </p>

    <p class='ocr_par' dir='ltr' id='par_1_8' title="bbox 363 1673 1982 1743">
     <span class='ocr_line' id='line_1_23' title="bbox 363 1673 1982 1743; baseline 0 -15"><span class='ocrx_word' id='word_1_152' title='bbox 363 1675 615 1743; x_wconf 87' lang='lat' dir='ltr'><strong>Sequens</strong></span> <span class='ocrx_word' id='word_1_153' title='bbox 648 1676 889 1729; x_wconf 85' lang='lat' dir='ltr'><strong>circulus</strong></span> <span class='ocrx_word' id='word_1_154' title='bbox 919 1674 1123 1741; x_wconf 77' lang='lat' dir='ltr'><strong>incipit</strong></span> <span class='ocrx_word' id='word_1_155' title='bbox 1151 1674 1221 1725; x_wconf 90' lang='lat' dir='ltr'><strong>ab</strong></span> <span class='ocrx_word' id='word_1_156' title='bbox 1243 1673 1406 1726; x_wconf 87' lang='lat' dir='ltr'><strong>India</strong></span> <span class='ocrx_word' id='word_1_157' title='bbox 1423 1677 1700 1741; x_wconf 77' lang='lat' dir='ltr'><strong>vergente</strong></span> <span class='ocrx_word' id='word_1_158' title='bbox 1729 1675 1807 1726; x_wconf 89' lang='lat' dir='ltr'><strong>ad</strong></span> <span class='ocrx_word' id='word_1_159' title='bbox 1827 1692 1913 1729; x_wconf 89' lang='lat' dir='ltr'><strong>oc·</strong></span> <span class='ocrx_word' id='word_1_160' title='bbox 1981 1689 1982 1738; x_wconf 77' lang='lat' dir='ltr'>j</span> 
     </span>
    </p>

    <p class='ocr_par' dir='ltr' id='par_1_9' title="bbox 262 1742 1942 2635">
     <span class='ocr_line' id='line_1_24' title="bbox 296 1742 1913 1812; baseline -0.002 -13"><span class='ocrx_word' id='word_1_161' title='bbox 296 1757 505 1807; x_wconf 61' lang='lat' dir='ltr'><strong>vasum,</strong></span> <span class='ocrx_word' id='word_1_162' title='bbox 521 1744 674 1797; x_wconf 80' lang='lat' dir='ltr'><strong>vadit</strong></span> <span class='ocrx_word' id='word_1_163' title='bbox 693 1759 794 1812; x_wconf 82' lang='lat' dir='ltr'><strong>per</strong></span> <span class='ocrx_word' id='word_1_164' title='bbox 813 1742 1030 1797; x_wconf 73' lang='lat' dir='ltr'><strong>medios</strong></span> <span class='ocrx_word' id='word_1_165' title='bbox 1045 1742 1303 1806; x_wconf 81' lang='lat' dir='ltr'><strong>Parthos,</strong></span> <span class='ocrx_word' id='word_1_166' title='bbox 1314 1743 1699 1810; x_wconf 86' lang='lat' dir='ltr'><strong>Persaepolin,</strong></span> <span class='ocrx_word' id='word_1_167' title='bbox 1723 1744 1913 1796; x_wconf 84' lang='lat' dir='ltr'><strong>citima</strong></span> 
     </span>
     <span class='ocr_line' id='line_1_25' title="bbox 291 1811 1942 1877; baseline 0 -9"><span class='ocrx_word' id='word_1_168' title='bbox 291 1814 565 1877; x_wconf 77' lang='lat' dir='ltr'><strong>Persidis,</strong></span> <span class='ocrx_word' id='word_1_169' title='bbox 580 1815 843 1867; x_wconf 76' lang='lat' dir='ltr'><strong>Arabiam</strong></span> <span class='ocrx_word' id='word_1_170' title='bbox 867 1813 1209 1874; x_wconf 84' lang='lat' dir='ltr'><strong>citeriorem,</strong></span> <span class='ocrx_word' id='word_1_171' title='bbox 1229 1811 1518 1874; x_wconf 84' lang='lat' dir='ltr'><strong>Iudaeam„</strong></span> <span class='ocrx_word' id='word_1_172' title='bbox 1530 1812 1744 1865; x_wconf 88' lang='lat' dir='ltr'><strong>Libani</strong></span> <span class='ocrx_word' id='word_1_173' title='bbox 1762 1828 1911 1868; x_wconf 79' lang='lat' dir='ltr'><strong>mon·</strong></span> <span class='ocrx_word' id='word_1_174' title='bbox 1925 1853 1942 1858; x_wconf 81' lang='lat'>-</span> 
     </span>
     <span class='ocr_line' id='line_1_26' title="bbox 290 1880 1912 1949; baseline -0.001 -13"><span class='ocrx_word' id='word_1_175' title='bbox 290 1885 375 1936; x_wconf 82' lang='lat' dir='ltr'><strong>tis</strong></span> <span class='ocrx_word' id='word_1_176' title='bbox 414 1884 657 1937; x_wconf 77' lang='lat' dir='ltr'><strong>accolas.</strong></span> <span class='ocrx_word' id='word_1_177' title='bbox 727 1882 1102 1949; x_wconf 64' lang='lat' dir='ltr'><strong>amplectitur</strong></span> <span class='ocrx_word' id='word_1_178' title='bbox 1132 1880 1513 1949; x_wconf 78' lang='lat' dir='ltr'><strong>Babylonem,</strong></span> <span class='ocrx_word' id='word_1_179' title='bbox 1562 1882 1912 1944; x_wconf 77' lang='lat' dir='ltr'><strong>idumaeam,</strong></span> 
     </span>
     <span class='ocr_line' id='line_1_27' title="bbox 293 1949 1912 2019; baseline -0.001 -12"><span class='ocrx_word' id='word_1_180' title='bbox 293 1953 627 2014; x_wconf 86' lang='lat' dir='ltr'><strong>Samariam,</strong></span> <span class='ocrx_word' id='word_1_181' title='bbox 647 1952 1126 2019; x_wconf 74' lang='lat' dir='ltr'><strong>Hierosolymam,</strong></span> <span class='ocrx_word' id='word_1_182' title='bbox 1142 1950 1496 2012; x_wconf 74' lang='lat' dir='ltr'><strong>Ascalonem,</strong></span> <span class='ocrx_word' id='word_1_183' title='bbox 1511 1949 1760 2018; x_wconf 81' lang='lat' dir='ltr'><strong>loppen,</strong></span> <span class='ocrx_word' id='word_1_184' title='bbox 1782 1953 1912 2005; x_wconf 82' lang='lat' dir='ltr'><strong>Cae-</strong></span> 
     </span>
     <span class='ocr_line' id='line_1_28' title="bbox 291 2016 1914 2086; baseline -0.004 -9"><span class='ocrx_word' id='word_1_185' title='bbox 291 2037 529 2083; x_wconf 82' lang='lat' dir='ltr'><strong>saream,</strong></span> <span class='ocrx_word' id='word_1_186' title='bbox 548 2019 882 2084; x_wconf 86' lang='lat' dir='ltr'><strong>Phoenicen,</strong></span> <span class='ocrx_word' id='word_1_187' title='bbox 904 2018 1334 2080; x_wconf 74' lang='lat' dir='ltr'><strong>Ptolemaidem,</strong></span> <span class='ocrx_word' id='word_1_188' title='bbox 1354 2016 1640 2081; x_wconf 88' lang='lat' dir='ltr'><strong>Sidonem,</strong></span> <span class='ocrx_word' id='word_1_189' title='bbox 1668 2022 1914 2086; x_wconf 79' lang='lat' dir='ltr'><strong>Tyrum,</strong></span> 
     </span>
     <span class='ocr_line' id='line_1_29' title="bbox 290 2087 1914 2158; baseline -0.001 -15"><span class='ocrx_word' id='word_1_190' title='bbox 290 2090 563 2158; x_wconf 87' lang='lat' dir='ltr'><strong>Berytum</strong></span> <span class='ocrx_word' id='word_1_191' title='bbox 576 2124 596 2153; x_wconf 78' lang='lat'><strong>,</strong></span> <span class='ocrx_word' id='word_1_192' title='bbox 617 2088 837 2155; x_wconf 89' lang='lat' dir='ltr'><strong>Botryn</strong></span> <span class='ocrx_word' id='word_1_193' title='bbox 853 2126 870 2154; x_wconf 91' lang='lat'><strong>,</strong></span> <span class='ocrx_word' id='word_1_194' title='bbox 899 2087 1198 2155; x_wconf 77' lang='lat' dir='ltr'><strong>Tripolin,</strong></span> <span class='ocrx_word' id='word_1_195' title='bbox 1227 2088 1503 2155; x_wconf 88' lang='lat' dir='ltr'><strong>Byblum,</strong></span> <span class='ocrx_word' id='word_1_196' title='bbox 1522 2088 1914 2151; x_wconf 73' lang='lat' dir='ltr'><strong>Antiochiam,</strong></span> 
     </span>
     <span class='ocr_line' id='line_1_30' title="bbox 290 2154 1913 2225; baseline -0.001 -13"><span class='ocrx_word' id='word_1_197' title='bbox 290 2160 653 2219; x_wconf 81' lang='lat' dir='ltr'><strong>Laodiceam,</strong></span> <span class='ocrx_word' id='word_1_198' title='bbox 674 2154 1013 2220; x_wconf 89' lang='lat' dir='ltr'><strong>Seleuciam,</strong></span> <span class='ocrx_word' id='word_1_199' title='bbox 1031 2156 1265 2209; x_wconf 87' lang='lat' dir='ltr'><strong>Ciliciae</strong></span> <span class='ocrx_word' id='word_1_200' title='bbox 1283 2155 1590 2220; x_wconf 88' lang='lat' dir='ltr'><strong>maritima,</strong></span> <span class='ocrx_word' id='word_1_201' title='bbox 1612 2158 1804 2225; x_wconf 78' lang='lat' dir='ltr'><strong>Cypri</strong></span> <span class='ocrx_word' id='word_1_202' title='bbox 1827 2173 1913 2211; x_wconf 90' lang='lat' dir='ltr'><strong>au·</strong></span> 
     </span>
     <span class='ocr_line' id='line_1_31' title="bbox 290 2223 1908 2293; baseline 0 -13"><span class='ocrx_word' id='word_1_203' title='bbox 290 2230 472 2281; x_wconf 72' lang='lat' dir='ltr'><strong>sti-ina</strong></span> <span class='ocrx_word' id='word_1_204' title='bbox 485 2263 507 2290; x_wconf 70' lang='lat'><strong>,</strong></span> <span class='ocrx_word' id='word_1_205' title='bbox 523 2228 746 2280; x_wconf 85' lang='lat' dir='ltr'><strong>Cretam</strong></span> <span class='ocrx_word' id='word_1_206' title='bbox 760 2261 781 2288; x_wconf 91' lang='lat'><strong>,</strong></span> <span class='ocrx_word' id='word_1_207' title='bbox 797 2223 1136 2293; x_wconf 77' lang='lat' dir='ltr'><strong>Lilybaeum</strong></span> <span class='ocrx_word' id='word_1_208' title='bbox 1156 2225 1216 2276; x_wconf 90' lang='lat' dir='ltr'><strong>in</strong></span> <span class='ocrx_word' id='word_1_209' title='bbox 1238 2223 1449 2286; x_wconf 85' lang='lat' dir='ltr'><strong>Sicilia,</strong></span> <span class='ocrx_word' id='word_1_210' title='bbox 1467 2229 1908 2292; x_wconf 80' lang='lat' dir='ltr'><strong>septemtriona-</strong></span> 
     </span>
     <span class='ocr_line' id='line_1_32' title="bbox 262 2293 1913 2366; baseline -0.001 -17"><span class='ocrx_word' id='word_1_211' title='bbox 262 2315 265 2320; x_wconf 67' lang='grc'><em>’</em></span> <span class='ocrx_word' id='word_1_212' title='bbox 288 2299 373 2350; x_wconf 87' lang='lat' dir='ltr'><strong>lia</strong></span> <span class='ocrx_word' id='word_1_213' title='bbox 422 2296 644 2349; x_wconf 86' lang='lat' dir='ltr'><strong>Africae</strong></span> <span class='ocrx_word' id='word_1_214' title='bbox 696 2301 757 2366; x_wconf 62' lang='lat' dir='ltr'><strong>eq</strong></span> <span class='ocrx_word' id='word_1_215' title='bbox 806 2294 1119 2347; x_wconf 78' lang='lat' dir='ltr'><strong>Numidiae.</strong></span> <span class='ocrx_word' id='word_1_216' title='bbox 1190 2293 1496 2348; x_wconf 78' lang='lat' dir='ltr'><strong>Umbilicus</strong></span> <span class='ocrx_word' id='word_1_217' title='bbox 1541 2298 1913 2362; x_wconf 76' lang='lat' dir='ltr'><strong>aequinoctio</strong></span> 
     </span>
     <span class='ocr_line' id='line_1_33' title="bbox 284 2362 1912 2444; baseline -0.002 -28"><span class='ocrx_word' id='word_1_218' title='bbox 284 2365 493 2416; x_wconf 84' lang='lat' dir='ltr'>XXXV</span> <span class='ocrx_word' id='word_1_219' title='bbox 522 2365 752 2444; x_wconf 50' lang='lat' dir='ltr'><strong>nedum,</strong></span> <span class='ocrx_word' id='word_1_220' title='bbox 782 2363 1035 2418; x_wconf 86' lang='lat' dir='ltr'><strong>umbram</strong></span> <span class='ocrx_word' id='word_1_221' title='bbox 1068 2362 1276 2431; x_wconf 81' lang='lat' dir='ltr'><strong>viginti</strong></span> <span class='ocrx_word' id='word_1_222' title='bbox 1306 2367 1544 2431; x_wconf 80' lang='lat' dir='ltr'><strong>quatuor</strong></span> <span class='ocrx_word' id='word_1_223' title='bbox 1576 2363 1761 2431; x_wconf 68' lang='lat' dir='ltr'><strong>pedes</strong></span> <span class='ocrx_word' id='word_1_224' title='bbox 1798 2366 1912 2419; x_wconf 72' lang='lat' dir='ltr'><strong>lo·-</strong></span> 
     </span>
     <span class='ocr_line' id='line_1_34' title="bbox 286 2428 1910 2572; baseline 0.002 -20"><span class='ocrx_word' id='word_1_225' title='bbox 286 2428 1023 2572; x_wconf 51' lang='lat' dir='ltr'><strong>rrhfizffxamffzegsffizzz</strong></span> <span class='ocrx_word' id='word_1_226' title='bbox 1105 2431 1910 2570; x_wconf 55' lang='lat' dir='ltr'><strong>3⁰3.ffl2¹3.32¹.·1’3⁰q.“{..‘·</strong></span> 
     </span>
     <span class='ocr_line' id='line_1_35' title="bbox 283 2564 977 2635; baseline -0.004 -16"><span class='ocrx_word' id='word_1_227' title='bbox 283 2574 348 2620; x_wconf 90' lang='lat' dir='ltr'><strong>ta</strong></span> <span class='ocrx_word' id='word_1_228' title='bbox 367 2575 533 2635; x_wconf 84' lang='lat' dir='ltr'><strong>parte</strong></span> <span class='ocrx_word' id='word_1_229' title='bbox 548 2567 719 2619; x_wconf 83' lang='lat' dir='ltr'><strong>unius</strong></span> <span class='ocrx_word' id='word_1_230' title='bbox 733 2564 926 2620; x_wconf 81' lang='lat' dir='ltr'><strong>horae.</strong></span> <span class='ocrx_word' id='word_1_231' title='bbox 964 2575 977 2586; x_wconf 88' lang='grc'><em>·</em></span> 
     </span>
    </p>

    <p class='ocr_par' dir='ltr' id='par_1_10' title="bbox 358 2627 1897 2707">
     <span class='ocr_line' id='line_1_36' title="bbox 358 2627 1897 2707; baseline 0.001 -18"><span class='ocrx_word' id='word_1_232' title='bbox 358 2637 585 2690; x_wconf 74' lang='lat' dir='ltr'><strong>&#39;rei-tius</strong></span> <span class='ocrx_word' id='word_1_233' title='bbox 617 2634 855 2691; x_wconf 79' lang='lat' dir='ltr'><strong>circulus</strong></span> <span class='ocrx_word' id='word_1_234' title='bbox 885 2633 957 2685; x_wconf 89' lang='lat' dir='ltr'><strong>ab</strong></span> <span class='ocrx_word' id='word_1_235' title='bbox 988 2631 1143 2688; x_wconf 68' lang='lat' dir='ltr'><strong>hidis</strong></span> <span class='ocrx_word' id='word_1_236' title='bbox 1180 2632 1338 2700; x_wconf 77' lang='lat' dir='ltr'><strong>Imao</strong></span> <span class='ocrx_word' id='word_1_237' title='bbox 1378 2627 1654 2707; x_wconf 73' lang='lat' dir='ltr'><strong>proxim‘is</strong></span> <span class='ocrx_word' id='word_1_238' title='bbox 1700 2642 1897 2696; x_wconf 63' lang='lat' dir='ltr'><strong>mitur.</strong></span> 
     </span>
    </p>
   </div>
   <div class='ocr_carea' id='block_1_5' title="bbox 1981 852 1986 1459">
    <p class='ocr_par' dir='ltr' id='par_1_11' title="bbox 1981 852 1986 1459">
     <span class='ocr_line' id='line_1_37' title="bbox 1981 852 1986 1459; baseline 0 0"><span class='ocrx_word' id='word_1_239' title='bbox 1981 852 1986 1459; x_wconf 95' lang='lat' dir='ltr'><strong> </strong></span> 
     </span>
    </p>
   </div>
   <div class='ocr_carea' id='block_1_6' title="bbox 1807 2901 1980 2984">
    <p class='ocr_par' dir='ltr' id='par_1_12' title="bbox 1807 2901 1980 2984">
     <span class='ocr_line' id='line_1_38' title="bbox 1807 2901 1980 2984; baseline 0 0"><span class='ocrx_word' id='word_1_240' title='bbox 1807 2931 1852 2968; x_wconf 71' lang='lat'><strong>³·-</strong></span> <span class='ocrx_word' id='word_1_241' title='bbox 1978 2901 1980 2984; x_wconf 66' lang='lat' dir='ltr'><em>A</em></span> 
     </span>
    </p>
   </div>
   <div class='ocr_carea' id='block_1_7' title="bbox 1817 2975 1870 2984">
    <p class='ocr_par' dir='ltr' id='par_1_13' title="bbox 1817 2975 1870 2984">
     <span class='ocr_line' id='line_1_39' title="bbox 1817 2975 1870 2984; baseline 0 0"><span class='ocrx_word' id='word_1_242' title='bbox 1817 2975 1870 2984; x_wconf 74' lang='grc'><strong>--</strong></span> 
     </span>
    </p>
   </div>
  </div>
 </body>
</html>
