2009 3025
372 164 474 220 158
731 167 819 225 ,0.
854 166 1135 221 ΡωΝιι
1169 159 1543 221 summm
1606 154 1615 163 '

350 268 649 322 stimulate
679 260 946 337 Signiferi
966 276 1150 322 autem
1175 271 1439 322 ambitum
1465 271 1686 339 peragit
1707 271 1955 324 trecentis
1982 284 1985 293 ’

371 346 429 401 et
466 338 1046 407 duodequinquagenis
1069 341 1282 401 diebus,
1324 341 1392 391 nb
1418 337 1550 391 Sole
1587 355 1863 407 nunquam
1883 342 1957 392 ab·

369 408 580 458 sistens
620 409 871 474 partibus
910 406 1010 461 sex
1033 415 1202 476 atque
1237 406 1615 477 quadraginta
1637 410 1873 477 longius,
1908 416 1959 460 ut

331 484 340 489 “
374 477 607 528 Timaeo
634 477 832 543 placet.
975 514 982 520 =
1038 530 1046 537 a,

444 543 631 597 Simili
671 546 908 606 ratione,
949 546 1048 597 sed
1090 559 1434 612 nequaquam
1474 545 1855 615 magnitudine
1876 553 1959 596 aut

353 614 452 674 vi,
491 615 803 680 proximum
828 612 916 666 illi
957 616 1228 666 Mercurii
1249 614 1417 676 sidus,
1455 629 1491 664 a
1529 614 1853 680 quibusdam
1874 628 1954 682 ap-

373 683 639 750 pellatum
666 684 962 750 Apollinis:
1003 682 1272 736 inferiore
1314 683 1521 734 circulo
1542 683 1741 744 fertur,
1779 699 1955 736 novem

376 751 574 803 diebus
598 753 786 807 ociore
808 754 1040 814 ambitu,
1052 752 1218 807 modo
1242 751 1543 804 ante-Solis
1567 758 1841 815 exortum,
1859 767 1955 802 mo-

377 819 452 871 do
475 826 601 887 pest
620 836 875 881 occasum
901 821 1214 887 splendens,
1254 835 1526 888 nunquam
1564 821 1634 872 ab
1669 835 1738 872 eo
1778 821 1958 888 viginti

376 890 557 957 tribus
599 890 852 957 partibus
887 893 1180 953 remotior,
1217 897 1281 942 ut
1301 889 1392 942 hic
1411 889 1558 940 idem
1580 897 1640 941 et
1679 888 1958 958 Sosigenes

376 959 593 1011 docent.
637 960 771 1011 ldeo
792 965 851 1011 et
885 958 1181 1026 peculiaris
1198 957 1407 1010 horum‘
1440 958 1681 1010 siderum
1702 959 1849 1012 ratio
1869 966 1958 1020 est,

357 1042 556 1093 ,neque
594 1029 899 1079 communis
940 1044 1062 1078 cum
1097 1042 1267 1093 supra
1301 1028 1484 1079 dictis.
1558 1027 1811 1097 Namque
1832 1035 1958 1081 eaet

377 1102 577 1162 quarta
597 1103 758 1162 parte
781 1096 922 1148 caeli
943 1113 977 1148 a
998 1095 1131 1148 Sole
1152 1098 1365 1160 abesse,
1389 1103 1444 1148 et
1465 1097 1660 1159 tertia3
1705 1105 1762 1149 et
1786 1097 1977 1148 adven·

376 1180 441 1226 sa
463 1163 581 1216 Soli
621 1179 792 1230 saepe
832 1171 1158 1216 cernuntur:
1200 1166 1548 1232 maioresque
1586 1166 1730 1216 alios
1769 1164 1956 1217 habent

378 1238 576 1285 cuncta
611 1233 808 1298 plenae
846 1235 1223 1288 conversionis
1251 1235 1502 1297 ambitus,
1545 1233 1605 1286 in
1637 1238 1822 1304 magni
1842 1234 1956 1286 anni

373 1302 593 1352 ratione
618 1302 898 1355 dicendos.

446 1367 556 1422 Sed
598 1375 839 1427 omnium
864 1371 1289 1424 admirationem
1314 1371 1491 1423 vincit
1516 1372 1873 1424 novissimum
1889 1372 1952 1424 εἰσ

376 1439 496 1500 dus,
517 1439 794 1506 terrisque
815 1440 1331 1504 familiarissimum,
1364 1443 1498 1492 etin
1517 1442 1867 1494 tenebrarum
1884 1448 1958 1492 're-

375 1507 618 1560 medium
659 1510 727 1561 ab
769 1518 965 1564 natura
1003 1518 1313 1578 repertum,
1366 1509 1575 1563 Lunae.
1636 1510 1957 1563 Multiformi

365 1575 512 1632 *haee
530 1579 765 1646 ambage
791 1581 957 1631 torsit
978 1582 1201 1648 ingenia
1221 1581 1734 1647 contemplantium,
1773 1587 1833 1634 et
1849 1594 1955 1648 prp-

315 1698 318 1702 ,
373 1648 584 1700 ximum
623 1648 877 1715 ignorari
900 1652 1143 1703 maxime
1171 1649 1327 1701 sidus
1370 1650 1807 1717 indignantium:
1851 1664 1953 1701 cre-

376 1732 535 1767 scens
575 1731 806 1783 semper,
848 1725 945 1770 aut
984 1731 1302 1772 senescens:
1362 1725 1423 1771 et
1460 1719 1629 1770 modo
1659 1725 1890 1771 curvata
1905 1718 1977 1768 iu⁴

328 1805 330 1807 ·
377 1798 583 1835 cornua
600 1784 762 1849 facie,
782 1789 950 1839 modo
973 1804 1153 1855 aequa
1169 1786 1427 1853 portione
1452 1787 1659 1849 divisa,
1701 1787 1864 1839 modo
1894 1785 1956 1837 si·

374 1861 549 1905 nuata
584 1854 643 1904 in
686 1857 901 1907 orbem:
940 1858 1242 1918 maculosa,
1279 1855 1577 1922 eademque
1602 1858 1793 1908 subito
1814 1870 1953 1924 prae·
1986 1855 1992 1934 Ῑ

376 1922 589 1973 nitens:
620 1923 891 1975 immensa
912 1926 1047 1977 orbe
1064 1926 1248 1992 plen0,
1268 1939 1334 1975 ac
1352 1931 1584 1990 repente
1608 1926 1795 1987 nullm
1836 1923 1957 1976 alias

377 2004 607 2055 pernox,
650 1991 790 2043 alias
819 2007 962 2055 sera,
1003 2001 1063 2046 et
1083 2000 1242 2060 parte
1282 1992 1396 2045 diei
1417 1993 1562 2044 Solis
1603 1994 1785 2048 lucem
1827 1992 1961 2048 adiu·

375 2074 539 2111 vans:
564 2060 839 2122 deficiens,
859 2064 999 2113 etin
1022 2063 1241 2115 defectu
1263 2069 1453 2118 tamen
1475 2063 1801 2129 conspicua:
1837 2057 1961 2131 qudo

371 2128 580 2179 mensis
610 2128 763 2179 exitu
781 2129 937 2192 latet,
958 2146 1123 2197 quum
1144 2132 1405 2183 laborare
1426 2146 1534 2183 non
1561 2132 1823 2183 creditur.
1860 2129 1973 2196 lam,

373 2210 508 2266 ,yero
528 2193 769 2257 humilis,
808 2203 865 2249 et
887 2201 1126 2263 excelsa,
1168 2207 1224 2252 et
1243 2215 1312 2252 ne
1332 2200 1391 2251 id
1412 2200 1633 2268 quidem
1654 2215 1767 2253 uno
1789 2196 1957 2260 modo,

371 2263 477 2316 sed
519 2263 662 2315 alias*
702 2265 929 2320 admota
967 2269 1145 2331 caelo,
1185 2270 1325 2321 alias
1376 2271 1639 2336 contigua
1673 2267 1960 2327 montibus,

375 2347 523 2383 nunc
559 2333 619 2383 in
635 2333 959 2400 Aquilonem
1000 2339 1170 2401 elata,
1212 2352 1358 2392 nunc
1388 2338 1447 2404 in
1469 2342 1700 2389 Austros
1724 2338 1957 2391 deiecta:

374 2414 519 2466 quae
554 2401 772 2466 singula
816 2406 875 2456 in
921 2421 990 2459 ea
1034 2404 1398 2474 deprehendit
1436 2405 1717 2458 hominum
1758 2408 1953 2473 primus

372 2466 736 2534 Endymion:—
752 2479 809 2524 et
831 2476 900 2526 ob
923 2475 981 2526 id
1004 2490 1194 2527 amore
1235 2477 1356 2527 eius
1397 2482 1593 2541 captus
1624 2474 1780 2527 fama
1804 2471 1958 2526 tradi·

373 2540 482 2586 tur.
543 2537 666 2588 Non
690 2541 877 2593 sumus
896 2543 1152 2609 profecto
1173 2545 1320 2610 grati
1342 2559 1477 2611 erga
1502 2558 1616 2606 eos,
1665 2545 1760 2612 qui
1780 2544 1959 2612 labore
1986 2567 1987 2570 ¹

374 2617 612 2671 curaque
653 2608 834 2664 lucem
856 2612 1018 2662 nobis
1049 2627 1315 2678 aperuere
1336 2614 1393 2663 in
1411 2612 1515 2663 hac
1536 2612 1687 2665 luce:
1726 2612 1959 2678 miraque

373 2668 608 2725 humani
646 2677 853 2742 ingenii
872 2685 1047 2744 peste,
1087 2684 1408 2747 sanguinem
1430 2687 1487 2734 et
1509 2682 1714 2735 caedes
1735 2678 1959 2735 condere
