2009 3025
234 2181 241 2188 ,
272 2177 275 2180 .
323 2140 436 2193 tae,
454 2130 705 2186 Massala
725 2134 948 2202 oppido.
1004 2136 1278 2200 Ramirei,
1302 2131 1660 2200 Gedranitae,
1681 2139 1940 2209 Amprae,

314 89 422 144 382
472 84 481 93 ’
683 89 745 142 c.
802 85 1083 142 PL1N11
1139 85 1519 140 ssscuxm
1990 58 1992 145 l

315 193 493 246 muris
513 190 824 244 includens.
861 190 1044 257 Regia
1061 195 1248 242 tamen
1272 190 1519 242 omnium
1533 189 1818 247 Mariaba.
1856 188 1943 243 Si-

316 277 450 316 num
473 262 691 315 obtinet
719 262 899 314 xcw
919 260 998 313 M.
1036 274 1186 328 pass.
1216 260 1488 313 refertum
1515 259 1725 311 insulis
1749 260 1944 315 odoni!-

318 331 474 385 feris.
545 330 834 384 Atramitis
846 329 911 380 in
930 331 1345 383 mediterraneo
1365 331 1676 398 iunguntur
1698 330 1950 382 Minaeii
1991 368 1992 379 ,

316 416 477 454 mare
500 400 758 454 accolunt
776 405 835 453 et
853 400 1152 462 Elamitae,
1172 399 1379 468 oppida
1397 400 1649 453 eiusdem
1673 398 1947 451 nominis.
1991 400 1992 459 ἶ

315 472 398 525 Ῑίε
415 471 594 522 iuncti
608 470 933 539 Cagulatae.
952 470 1239 537 Oppidum
1260 469 1397 532 Sibi,
1420 469 1568 538 quod
1580 468 1948 535 Graecinpa·

315 548 413 594 ten
434 546 658 593 vocant.
702 540 850 602 Arsi,
870 538 1104 602 Codani,
1127 538 1323 604 Vadei,
1346 540 1555 608 oppido
1576 553 1819 607 magno:
1845 538 1950 591 Ba·
1991 548 1992 581 1

315 609 595 673 annaei,
614 608 907 665 Lechienit
951 608 1204 677 Sygaros
1225 608 1433 673 insula,
1453 624 1621 677 quam
1644 623 1819 660 canes
1839 622 1947 660 uon

316 679 560 741 intrant,
605 680 953 748 expositique
973 680 1124 730 cima
1142 678 1317 729 litora
1337 678 1577 728 errando
1603 676 1947 731 moriuntur.
1991 700 1992 721 1

319 747 486 802 Sinus
507 747 761 812 intimus,
779 749 841 801 in
861 763 971 815 quo
985 747 1281 808 Leanitae,
1301 746 1398 815 qui
1417 759 1621 798 nomeu
1646 745 1700 798 ei
1723 744 1946 800 dedere.
1991 770 1992 797 ÷

315 818 501 886 Regia
519 832 710 870 eorum
723 822 888 886 Agra,
906 821 966 871 et
984 817 1047 867 in
1067 816 1192 868 sinu
1214 815 1463 878 Laeana,
1483 814 1592 878 vel,
1612 822 1679 867 ut
1701 814 1830 878 alii,
1847 816 1944 868 Ae-

320 886 471 939 lana.
542 887 684 939 Nam
710 895 768 940 et
786 889 968 954 ipsum
990 884 1175 936 siuum
1213 884 1397 936 nostri
1417 884 1946 937 Aelaniticunrscri-

246 976 252 983 ·
317 970 500 1022 psere,
527 956 629 1008 alii
647 957 1051 1017 Aelenaticum,
1070 952 1458 1005 Artemidorus
1478 953 1839 1017 Aleniticum,
1862 956 1943 1006 lu·

317 1025 394 1076 ba
412 1024 823 1076 Laeaniticum.
872 1023 1168 1077 Circuitus
1181 1022 1414 1076 Arabiae
1435 1038 1471 1074 a
1492 1021 1747 1075 Charace
1770 1023 1942 1077 Laea·
1991 1016 1992 1073 Τ

320 1107 396 1145 na
406 1093 675 1160 colligere
688 1092 947 1159 proditur
959 1092 1301 1162 quadragies
1313 1093 1524 1160 septies
1540 1099 1782 1145 centena
1794 1088 1942 1145 Lxx

320 1162 404 1214 M.
437 1161 573 1213 Iuba
606 1164 770 1226 paulo
801 1163 987 1214 miuus
1017 1162 1356 1233 quadragies
1389 1162 1639 1215 centenis
1661 1161 1742 1212 Μ.
1766 1168 1948 1230 putat.-
1991 1170 1992 1177 ’

318 1229 626 1282 Latissima
654 1236 748 1281 cst
773 1246 811 1283 a
842 1233 1253 1297 septemtrione
1287 1233 1436 1285 inter
1456 1231 1670 1302 oppida
1687 1231 1934 1287 Heroum

323 1304 382 1352 et
405 1296 724 1352 Characem.
1048 1334 1055 1343 -

392 1367 551 1423 Nunc
572 1375 642 1421 et
658 1368 877 1439 reliqua
904 1368 1320 1424 mediterranea
1342 1370 1466 1425 eius
1486 1369 1768 1426 dicantur.
1835 1370 1940 1424 Na·

321 1439 539 1491 bataeis
560 1437 898 1492 Thimaneos
918 1439 1224 1493 iunxerunt
1243 1447 1491 1493 veteres:
1511 1448 1662 1494 nunc
1682 1447 1819 1494 sunt
1837 1443 1941 1493 Ta*-
1991 1446 1992 1449 ’

322 1509 469 1571 veni,
511 1507 789 1573 Suelleni,
830 1510 1092 1565 Arraceni
1104 1548 1126 1577 ,
1157 1512 1363 1566 Areni=
1406 1510 1677 1579 oppidum
1690 1547 1710 1574 ‚
1755 1512 1817 1564 in
1839 1526 1939 1580 quo

326 1579 505 1631 omnis
522 1579 832 1647 negotiatio
857 1582 1134 1635 convenit.
1179 1583 1511 1644 Hemnatae,
1530 1582 1831 1638 Analitae:
1853 1597 1943 1650 op·
1991 1593 1992 1598 ’

323 1650 476 1716 pida,
505 1646 803 1713 Domatha,
842 1650 1026 1720 Egra:
1066 1648 1439 1715 Thamudeni,
1468 1648 1738 1719 oppidum
1757 1651 1946 1704 Bada-

280 1757 296 1772 ,
324 1717 516 1770 natha.
559 1720 770 1781 Carrei,
793 1719 1057 1787 oppidum
1083 1719 1366 1772 Carriatae
1401 1718 1945 1788 Achoali‚.oppidum

324 1785 546 1840 Phoda:
591 1804 657 1858 ac
675 1788 921 1850 Minaei,
958 1803 996 1839 a
1022 1802 1158 1856 rege
1182 1790 1381 1842 Cretae
1405 1789 1599 1841 Minoe
1609 1794 1715 1852 (ut
1753 1789 1942 1844 existi·

322 1861 501 1917 mant)
529 1858 795 1925 originem
818 1856 1134 1910 trahentes:
1170 1873 1403 1926 quorum
1424 1856 1749 1913 Charmaei:
1791 1863 1945 1927 oppi-

316 1926 455 1978 'dum
475 1924 752 1978 Xleill.
775 1942 921 1994 pass.
935 1927 1193 1980 Mariaba
1212 1928 1665 1993 Baramalacum,
1685 1934 1748 1982 et
1766 1929 1943 1997 ipsum

325 2009 440 2046 non
452 1996 850 2060 spernendum:
872 1999 1010 2051 item
1027 1999 1265 2049 Car-non.
1288 1996 1647 2062 Rhadamaei,
1674 2007 1736 2052 et
1747 1996 1943 2051 horum

326 2063 491 2131 origo
512 2061 964 2128 Rhadamanthus
985 2071 1216 2136 putatur
1232 2066 1412 2120 frater
1430 2067 1657 2120 Minois.
1679 2069 1942 2121 Homeri·

322 2201 634 2267 Ilisanitae,
655 2203 987 2268 Bachilitae,
1010 2204 1272 2269 Sammei,
1289 2205 1548 2260 Amathei
1569 2222 1697 2259 cum
1722 2207 1940 2275 oppidis

324 2269 506 2323 Nessa
527 2278 587 2324 et
609 2275 957 2326 cennesseri.
1018 2275 1461 2331 Zamarenicum
1481 2276 1705 2345 oppidis
1731 2275 1939 2340 Saiace‚

326 2337 606 2403 Scantate,
627 2341 967 2395 Bacascami.
1031 2343 1374 2411 Riphearina
1394 2346 1683 2415 oppidum,
1707 2361 1826 2415 quo
1847 2361 1936 2399 ve·

323 2409 523 2460 cabulo
547 2407 815 2463 hordeum
841 2409 1145 2479 appellant.
1216 2416 1387 2468 Aurei
1407 2421 1467 2469 et
1485 2415 1648 2480 Rari,
1677 2416 1865 2486 Gyrei
1885 2423 1939 2469 et

321 2474 655 2541 Mathataei,
676 2479 1055 2533 Helmodeues
1149 2499 1202 2535 m
1225 2484 1433 2552 oppido
1454 2485 1672 2539 Ebode.
1694 2487 1935 2555 Agantu-

322 2544 371 2594 ri
388 2545 447 2626 iu
469 2549 773 2612 montibus,
795 2548 1003 2615 oppido
1015 2497 1146 2603 Χῖ
1135 2553 1272 2605 mill.
1296 2569 1579 2622 passuum,
1599 2556 1661 2606 in
1683 2571 1801 2624 quo
1815 2555 1936 2609 fons

322 2612 735 2669 Emnschabales
746 2650 763 2678 ,
805 2617 959 2683 quod
977 2619 1263 2687 siguificat
1285 2626 1627 2680 camelorum
1645 2626 1930 2694 oppidum
