2009 3025
221 204 527 281 NAru'n.
567 225 921 283 ms'ron.
965 226 1124 280 ωΒ.
1166 223 1277 281 νι.
1321 226 1544 307 3435,
1589 229 1692 283 38⁷

16 346 17 351 ¹
95 330 232 384 mill.
245 345 517 400 passuum.
539 329 629 382 Sic
642 328 766 382 fieri
788 330 856 381 ad
871 337 1124 396 apertum
1149 342 1302 383 mare
1316 331 1499 384 decies
1513 332 1693 393 octies

106 408 327 455 aentena
348 399 554 452 LXXV
573 399 710 450 mill.
734 413 1030 466 passuum„
1084 399 1306 466 Reliqui
1339 412 1539 451 omnes
1568 416 1694 467 pro-

97 476 226 537 pter
246 468 392 521 Solis
425 468 681 520 ardorem
719 468 972 536 navigari
996 481 1163 534 posse
1195 482 1304 519 non
1346 473 1695 534 putaverunt.

97 539 244 600 Quin
265 545 321 589 et
343 538 677 590 commercia
700 539 825 603 ipsa
854 537 1131 591 infestant
1165 552 1237 589 ex
1268 537 1468 588 insulis
1488 539 1696 590 Arabes

92 608 312 662 Ascitae
334 607 618 674 appellati,
660 608 918 675 quoniam
939 606 1182 658 bubulos
1204 614 1359 657 utres
1378 606 1538 658 binos
1556 615 1698 659 ster·

90 683 287 729 nentes
318 682 489 743 ponte
522 676 812 742 piraticam
847 684 1203 743 exereegigqsa
1240 676 1361 726 ittis
1396 680 1696 743 venenatis.

91 747 301 799 Gentes
323 746 799 813 Troglodytas-um
822 732 971 797 idem
992 744 1129 798 Iuba
1148 748 1204 795 tr
1241 740 1322 795 dit
1341 734 1698 797 Therothoas
1763 789 1771 793 .

92 832 130 870 a
151 823 349 868 venatu
371 815 572 878 dictos,
592 815 766 868 mirae
785 814 1136 867 velocitatis:
1159 814 1305 865 sicut
1323 813 1696 882 Ichthyopha-

90 900 215 954 gos,
248 890 522 947 natantes,
549 899 649 936 ceu
667 882 838 936 maris
865 883 1158 935 animaliat
1199 882 1503 951 Bargenos,
1531 886 1704 950 zaga-

89 969 204 1016 ras,
225 952 517 1021 Chalybas,
537 952 793 1015 Saxinas,
827 951 1084 1020 Syrenas,
1107 950 1401 1015 Daremas,
1422 953 1701 1005 Domaza·

88 1038 212 1076 nes.
238 1024 380 1086 Quin
404 1028 461 1074 et
482 1021 703 1074 accolas
721 1021 842 1074 Nili
858 1037 894 1073 a
914 1020 1103 1089 Syene
1120 1036 1229 1072 non
1252 1018 1582 1087 Aethiopum
1608 1037 1704 1088 po·

86 1091 283 1161 pulos,
321 1091 418 1143 sed
441 1091 682 1143 Arabum
718 1105 842 1142 esse
874 1091 1013 1143 dicit
1043 1105 1214 1157 usque
1231 1088 1482 1142 Meroen.
1555 1090 1704 1142 Soiis

91 1172 310 1241 quoque
331 1160 621 1228 oppidum,
656 1159 804 1228 quod
824 1173 934 1211 non
964 1158 1163 1225 procul
1181 1156 1430 1226 Memphi
1446 1159 1505 1209 in
1525 1163 1706 1228 Aegy·

91 1230 180 1299 pti
200 1235 311 1279 situ
333 1228 588 1290 diximus,
609 1229 821 1281 Arabas
844 1230 1167 1281 conditores
1186 1226 1410 1280 habere.
1484 1227 1625 1281 Sunt
1645 1235 1704 1281 et

93 1299 193 1366 qui
215 1297 537 1349 ulteriorem
558 1299 734 1362 ripam
743 1299 1073 1362 Aethiopiae
1093 1296 1367 1358 auferant,
1386 1305 1702 1350 annectant-

95 1366 457 1437 queAfrieae3
470 1366 620 1429 ripas
632 1369 817 1415 autem
841 1364 1087 1417 incolere
1104 1371 1333 1431 propter
1343 1378 1563 1430 aquam.
1582 1366 1635 1425 N
1638 1382 1702 1416 os

92 1437 299 1489 relicto
320 1433 521 1499 cuique
542 1432 901 1501 intelligendi
922 1433 1158 1486 arbitrio
1171 1467 1189 1496 ,
1232 1433 1439 1498 oppida
1459 1447 1568 1500 quo
1590 1441 1701 1485 tra-

93 1506 304 1560 duntur
325 1502 521 1555 ordine
536 1502 791 1569 utrinque
813 1515 1095 1568 ponemus.

163 1573 397 1627 XXXV.
432 1572 477 1622 A
497 1569 696 1637 Syene,
718 1577 776 1621 et
795 1571 950 1638 prius
968 1571 1206 1623 Arabiae
1227 1571 1425 1633 latere,
1445 1587 1581 1640 gens
1602 1575 1701 1625 Ca-

89 1644 310 1710 tadupi.
332 1639 548 1696 Deinde
570 1638 852 1706 Syenitae.
874 1638 1119 1706 Oppida:
1141 1640 1511 1707 ’Paeompsom
1533 1657 1698 1708 quam

87 1713 315 1782 quidam
331 1709 751 1777 appellaverunt
759 1706 1375 1781 Thathicen,Aranium‚
1387 1709 1699 1775 Sesanium,
1730 1741 1746 1755 ι

86 1782 365 1843 Sandura,
385 1777 724 1840 Nasaudum,
741 1778 1048 1840 Anadoma,
1068 1778 1325 1839 Cumara,
1345 1778 1482 1830 Peta
1502 1786 1559 1831 et
1580 1782 1698 1831 Bo-

87 1833 761 1915 chiana,·Leuphithorga,
775 1849 1116 1909 Tautarene,
1134 1845 1538 1910 Moechindira,
1552 1849 1696 1912 Noa,

85 1920 349 1988 Gophna,
392 1919 651 1986 Gystate,
672 1915 930 1987 Megeda,
965 1914 1104 1979 Lea,
1142 1915 1433 1980 Rhemum,
1463 1917 1722 1984 Nupsia„

83 1991 285 2052 Direa,
306 1989 534 2055 Patage,
554 1986 801 2054 Bagada,
823 1986 1101 2055 Dumana,
1123 1984 1396 2047 Rhadata,
1418 1986 1473 2037 in
1495 2000 1608 2054 quo
1618 1985 1697 2039 fe-

80 2057 158 2112 lis
179 2072 351 2110 aurea
373 2072 472 2124 pro
496 2055 603 2108 deo
624 2056 929 2108 colebatur.
972 2055 1160 2106 Boron
1183 2055 1242 2107 in
1263 2055 1690 2116 mediterraneo,

80 2128 318 2190 Mallos,
337 2125 649 2193 proximum
673 2124 931 2176 Meroae:
951 2126 1034 2175 sic
1056 2123 1303 2190 prodidit
1323 2125 1485 2176 Bion.
1592 2169 1616 2177 -

155 2197 300 2248 luba
316 2195 504 2246 aliter:
547 2195 594 2245 Ο
636 2193 826 2258 pidum
844 2193 901 2246 in
921 2199 1109 2245 monte
1130 2191 1502 2259 Megatichos,
1544 2196 1692 2246 inter

77 2269 400 2333 Aegyptum
422 2268 480 2314 et
495 2264 599 2314 Aet
637 2262 863 2329 inpiam,
881 2262 1031 2329 quod
1052 2261 1260 2334 Arabes
1279 2262 1513 2329 Myrson
1531 2278 1695 2315 voea-

77 2350 234 2389 vere.
256 2331 857 2398 DeindeTacompson‚
874 2331 1161 2393 Aranium,
1184 2328 1690 2395 Sesanium‚Piden,

77 2402 375 2462 Mamuda,
412 2399 726 2463 Corambin‚
769 2401 929 2452 iuxta
967 2414 1089 2453 eam
1126 2399 1411 2452 bituminis
1445 2400 1689 2452 fontem:

71 2470 488 2530 Hammodara,
508 2466 737 2530 Prosda,
758 2467 1018 2529 Parenta,
1051 2468 1255 2529 Marna,
1275 2470 1534 2530 Tessara,
1560 2468 1689 2521 Ga}-

69 2545 180 2606 las,
219 2536 825 2600 Zowm.Graueomen,
846 2538 1097 2600 Emeum,
1135 2536 1439 2600 Pidibotas,
1464 2538 1690 2591 Hebdo-

69 2617 474 2670 mecontacom
483 2611 622 2667 etas,
643 2604 922 2658 Nomadas
944 2608 1003 2659 in
1025 2606 1394 2664 tabernaculis
1415 2609 1686 2660 viventes:

69 2689 312 2756 Gygam,
352 2678 656 2735 Pemmam,
696 2671 1037 2742 Gadagalen,
1081 2674 1294 2739 Paloin,
1334 2673 1561 2740 Primin,
1581 2677 1694 2729 Nn·

66 2756 224 2823 pain,
248 2742 512 2810 Daselin,
531 2742 712 2807 Patin,
731 2743 1390 2867 (ἱειιιῐπὶενοεὶξῖςῖιεη,
1409 2745 1697 2814 Segasma·
