2009 3025
1257 24 1285 35 ό

286 182 595 274 ΝΛΤυιὶ.
634 210 975 272 msToR.
1016 218 1176 272 Lm.
1212 217 1561 299 mee-31.
1630 218 1738 273 295

122 321 203 379 M.
224 320 384 390 'pass.
443 322 804 389 Reliquarum
840 323 1001 376 nulla
1032 321 1246 391 CXXV,
1264 322 1343 373 Μ.
1368 322 1602 376 circuitu
1623 336 1740 374 am-
1817 314 1828 389 ξ

123 395 271 463 plior
294 392 568 460 proditur.
613 391 753 444 Sunt
776 398 963 445 autem
986 393 1089 445 XL
1112 390 1378 454 Orcades,
1399 392 1638 443 modicis
1658 393 1743 442 in·
1822 430 1827 459 ἰ

124 471 219 515 ter
236 479 297 514 se
320 463 596 515 discretae
619 461 858 529 spatiis.'
893 462 1119 529 Septem
1150 460 1459 525 Acmodae,
1500 467 1559 512 et
1578 459 1744 513 XXX
1822 466 1827 493 ⁵

122 531 457 584 Haebudes:
484 537 539 583 et
560 532 719 584 inter*
732 532 1059 599 Hiberniam
1077 547 1148 583 ac
1168 529 1746 592 Britanniam,Mona,'
1823 550 1826 559 ⁴
1875 532 1880 537 “

124 600 411 668 Menapia,
431 599 649 663 Ricina,
664 599 875 663 Vectis,
895 600 1144 664 Limnus,
1158 601 1392 652 Andros.
1428 598 1584 651 Infra
1603 612 1741 650 vero
1823 608 1828 643 t

122 669 385 733 Siambis,
409 675 467 723 et
487 673 752 721 Axantos.
802 670 886 723 Et
907 672 976 722 ab
997 670 1237 722 adverso
1259 670 1316 720 in
1343 667 1743 722 Germanicum
1825 702 1832 723 ἱ

123 746 530 806 marespars'ae
552 736 890 800 Glessariae,
925 755 1067 806 quas
1087 739 1405 790 Electridas
1429 737 1629 790 Graeci
1650 750 1740 786 re-

124 810 405 865 centiores
426 807 797 872 appellavere,
829 810 976 874 quod
998 809 1081 860 ibi
1104 809 1375 860 electrum
1397 812 1739 858 nasceretur.
1829 848 1842 885 1

124 878 340 931 Ultima
357 876 620 943 omnium,
636 892 775 940 quae
793 883 1192 939 memorantur,
1207 875 1419 928 Thule:
1440 877 1496 924 in
1511 889 1619 938 qua
1632 873 1746 925 sol·
1835 898 1840 905 ·

128 942 289 999 stitio
313 942 495 992 nullas
519 957 638 993 esse
660 947 850 994 noctes
871 943 1271 1005 indicavimus,
1306 944 1501 995 Cancri
1522 945 1743 1012 signum
1831 970 1838 981 ⁴

129 1008 266 1061 Sole
291 1015 629 1072 transeunte,
671 1011 962 1078 nullosque
984 1019 1179 1063 contra
1204 1027 1302 1079 per
1321 1012 1574 1065 brumam
1598 1013 1739 1065 dies.
1837 1060 1840 1067 Α

128 1078 260 1149 Hpc
282 1078 502 1147 quidam
525 1080 673 1137 senis
697 1070 975 1131 mensibus
997 1080 1279 1132 continuis
1302 1081 1424 1133 fieri
1462 1074 1748 1135 arbitran-x
1833 1100 1840 1107 ·

128 1146 242 1197 tur.
317 1148 579 1198 Timaeus
602 1147 899 1199 historicus
932 1163 966 1197 a
987 1150 1282 1202 Britannia
1322 1152 1599 1202 introrsus
1638 1165 1742 1203 sex
1831 1190 1836 1197 .

129 1214 350 1283 dierum
373 1217 728 1285 navigatione
753 1219 945 1269 abesse
967 1216 1105 1270 dicit
1140 1218 1375 1270 insulam
1396 1219 1609 1272 Mictim
1625 1255 1641 1280 ,
1682 1223 1741 1270 in

120 1299 242 1352 qua
265 1285 560 1336 candidum
584 1287 862 1350 plumbum
886 1287 1197 1352 proveniat.
1268 1289 1351 1340 Ad
1374 1304 1496 1340 eam
1518 1289 1741 1340 Britan·
1817 1282 1828 1337 ἰ

124 1368 234 1404 nos
278 1352 526 1402 vitilibus
571 1355 804 1418 navigiis
846 1355 999 1404 corio
1053 1358 1404 1408 circumsutis
1457 1358 1739 1424 navigare.

125 1420 273 1474 Sunt
295 1421 385 1486 qui
409 1424 464 1469 et
486 1419 625 1470 alias
652 1423 904 1490 prodant,
930 1421 1242 1485 scandiam,
1265 1426 1557 1488 numnam,
1599 1426 1738 1476 Ber·
1795 1466 1808 1479 ,,

123 1506 233 1560 gos
258 1507 271 1540 ε
308 1490 714 1556 maximamque
737 1492 981 1541 omnium
1007 1491 1270 1559 Nerigon,
1293 1506 1364 1544 ex
1384 1507 1494 1561 qua
1513 1494 1570 1544 in
1591 1492 1742 1545 Thu·

124 1561 222 1613 len
249 1558 562 1623 navigetur.
599 1560 643 1609 A
668 1558 850 1610 Thule
874 1560 1036 1609 unius
1062 1561 1178 1610 diei
1199 1561 1560 1627 navigatione
1584 1576 1741 1616 mare
1802 1574 1832 1618 ,ἱὶ

127 1634 471 1689 concretum,
494 1642 528 1676 a
549 1628 828 1677 nonnullis
854 1626 1113 1679 Cronium
1137 1626 1468 1694 appellatur.

202 1695 405 1748 XXXI.
446 1696 634 1748 Gallia
660 1700 836 1750 omnis
860 1699 1095 1749 Comata
1113 1713 1223 1747 uno
1248 1700 1470 1750 nomine
1493 1698 1742 1817 appell}-

25 1802 28 1804 Α
124 1772 213 1829 ta,
234 1769 288 1816 in
313 1766 423 1817 tria
446 1766 775 1833 populorum
801 1781 1009 1834 genera
1030 1766 1327 1829 dividitur,
1348 1767 1600 1834 amnibus
1622 1782 1674 1817 m

124 1836 280 1888 xime
302 1835 585 1886 distincta.
655 1837 701 1887 A
722 1834 923 1888 Scalde
945 1837 1014 1886 ad
1040 1836 1345 1902 Sequanam
1366 1823 1617 1901 Belgica.
1657 1837 1741 1887 Ab

128 1920 199 1957 eo
245 1903 314 1954 ad
348 1904 671 1955 Garunnam
711 1905 941 1969 Celtica,
983 1905 1286 1972 eademque
1326 1903 1739 1971 Lugdunensis.

125 1972 266 2027 lude
287 1972 357 2023 ad
378 1972 649 2039 Pyrenaei
671 1976 877 2026 montis
901 1990 1191 2026 excursum
1215 1974 1567 2042 Aquitanica,
1607 1973 1741 2025 Are·

112 2041 345 2112 *morica
368 2050 496 2093 ante
531 2042 696 2094 dicta.
767 2045 1094 2096 Universam
1136 2058 1291 2095 oram
1329 2044 1515 2096 decies
1556 2041 1737 2093 octies

127 2118 366 2165 centena
406 2111 588 2163 millia
629 2127 889 2178 passuum
929 2115 1198 2180 Agrippa:
1242 2112 1553 2165 Galliarum
1586 2112 1738 2163 inter

124 2180 383 2234 Rhenum
416 2187 472 2232 et
500 2180 844 2247 Pyrenaeum
887 2189 1054 2250 atque
1096 2184 1371 2234 Oceanum
1410 2197 1475 2234 ac
1515 2186 1736 2233 montes

127 2247 451 2302 Cebennam
487 2256 543 2301 et
563 2250 770 2313 Iuram,
812 2253 1011 2317 quibus
1042 2251 1459 2306 Narbonensem
1490 2249 1736 2303 Galliam

126 2319 393 2382 excludit,
416 2320 510 2370 lon
555 2320 829 2371 itudiuem
855 2321 1136 2373 CCCCXX
1159 2324 1234 2373 Μ.
1262 2320 1736 2388 passuum,latitu-

127 2387 308 2440 dinem
334 2389 518 2439 CCCX
575 2390 646 2444 111
669 2390 1027 2455 computavit.
1099 2393 1142 2441 A
1164 2391 1351 2442 Scaldi
1372 2389 1623 2441 incolunt
1643 2401 1735 2439 ex·

121 2461 252 2509 tera
272 2459 558 2520 Toxandri
582 2458 831 2526 pluribus
853 2458 1182 2509 nominibus.
1228 2459 1445 2511 Deinde
1465 2455 1733 2523 Menapii,

122 2523 354 2589 Morini,
379 2528 739 2578 Orumansaci
761 2527 934 2577 iuneti
956 2539 1120 2591 pag0,
1141 2526 1233 2590 qui
1256 2526 1617 2578 Gesseriacus
1636 2539 1735 2576 vo·

127 2601 310 2656 catur:
355 2595 631 2655 Britanni,
669 2594 938 2655 Ambiani,
960 2592 1263 2644 Bellovaci.
1334 2594 1610 2645 Introrsus
1632 2596 1760 2660 Ca,-⁴

123 2662 350 2729 stologi,
371 2663 682 2724 Atrebates,
704 2662 893 2713 Nervii
913 2662 1090 2722 liberi,
1117 2661 1508 2723 veromandui,
1529 2663 1733 2715 Sueco-
1765 2669 1768 2682 '

58 2781 71 2792 ,
124 2734 204 2797 ni,
227 2730 551 2784 Suessiones
575 2730 760 2795 liberi,
782 2728 1100 2783 Ulmanetes
1119 2730 1308 2794 liberi,⁸
1344 2731 1589 2801 Tungri,
1628 2729 1728 2783 Su·
