2009 3025
325 156 429 213 256
720 161 783 211 c.
843 156 1112 214 rhum
1172 142 1556 212 secum„

325 277 555 329 rumque
585 261 807 315 deserta
837 278 957 314 cum
980 263 1214 324 belluis,
1241 279 1415 331 usque
1451 262 1522 315 ad
1554 262 1750 331 iugum
1780 264 1930 319 ineu·

325 332 460 385 hans
486 333 650 394 mari,
685 334 830 400 quod
855 339 1057 384 vocant
1079 334 1276 385 Tabin.
1350 333 1468 384 Nec
1488 339 1618 384 ante
1643 332 1933 386 dimidiam

321 400 499 453 ferme
521 402 925 469 longitudinem
951 404 1070 453 eius
1093 418 1225 455 orae
1249 419 1389 470 quae
1410 409 1629 469 spectat
1663 404 1932 455 aestivum

321 472 608 532 orientem,
631 470 971 522 inhabitatur
992 473 1092 522 illa
1111 474 1287 537 regio.
1513 516 1520 517 ff
1633 510 1647 517 ..
1997 484 1998 545 ᾗ

391 538 566 591 Primi
588 548 715 590 sunt
740 539 1040 602 hominum,
1064 542 1155 608 qui
1179 547 1497 605 noscantur,
1522 539 1705 602 Seres,
1726 541 1932 595 lanicio
1997 560 1998 569 ¹

320 609 581 663 silvarum
607 608 859 671 nobiles„
883 612 1157 676 perfusam
1187 626 1329 676 aqua
1348 611 1706 676 depectentes
1728 611 1936 663 frondi-
1997 646 1998 659 ,

321 694 414 729 um
452 680 740 730 canitiem:
796 681 940 729 unde
971 681 1226 746 geminus
1261 679 1481 747 feminis
1524 680 1734 731 nostris
1772 680 1933 732 labor
1997 712 1998 717 =

320 748 686 803 redoroiendi
709 750 830 809 fila,
857 764 1184 816 rursumque
1217 749 1459 799 texendi.
1505 750 1646 799 'l'am
1669 750 1935 816 multipli-

323 817 375 879 ci
406 832 600 883 opere,
635 826 749 869 tam
789 818 1094 885 longinquo
1123 819 1256 870 orbe
1283 819 1518 884 petitur,
1544 825 1605 868 ut
1631 819 1686 868 iu
1707 819 1933 885 publico

321 893 580 939 matrona
616 887 974 940 transluceat.
1043 887 1206 940 Seres
1246 890 1409 938 mites
1451 887 1705 953 quidem,
1738 889 1837 938 sed
1879 897 1935 940 et
1997 912 1998 915 ¹

320 955 434 1021 ipsi
464 954 603 1007 feris
646 956 959 1022 persimiles
990 963 1205 1007 coetum
1238 957 1582 1022 reliquorum
1607 957 1932 1008 mortalium

320 1023 568 1091 fugiunt,
592 1026 927 1091 commercia
951 1034 1293 1091 exspectant.
1346 1025 1590 1076 Primum
1616 1041 1809 1093 eorum
1831 1041 1931 1078 110·

320 1093 495 1143 scitur
512 1092 714 1145 flumen
737 1094 988 1145 Psitaras
1005 1130 1021 1155 ,
1043 1097 1350 1161 proximum
1381 1095 1667 1146 Cambari:
1704 1097 1928 1147 tertium

318 1156 525 1223 Lanos,
546 1178 581 1212 a
600 1177 709 1226 quo
740 1165 1177 1228 promontorium
1203 1165 1438 1231 Chryse:
1460 1164 1622 1219 sinus„
1641 1166 1924 1231 Cyrnaba:

319 1229 527 1280 flumen
546 1231 798 1281 Atianos:
832 1232 1012 1291 sinus,
1047 1242 1106 1283 et
1126 1249 1258 1300 gens
1282 1232 1560 1283 hominum
1584 1236 1929 1297 Attacorum,

319 1298 524 1364 apricis
546 1298 615 1349 ab
650 1302 798 1349 omni
837 1304 1007 1351 noxio
1043 1300 1234 1352 afflatu
1271 1304 1488 1353 seclusa
1523 1303 1787 1365 collibus,
1834 1319 1923 1355 ea·

320 1365 474 1430 dem,
501 1383 610 1435 qua
628 1369 979 1435 Hyperborei
1005 1369 1229 1438 degunt,
1253 1372 1536 1437 temperie.
1611 1372 1704 1441 De·
1733 1375 1799 1423 iis
1821 1373 1931 1439 pri-

314 1439 495 1489 vatim
550 1438 804 1489 condidit
846 1438 1110 1490 volumen
1153 1443 1500 1502 Amometus,
1552 1441 1704 1492 sicut
1751 1442 1934 1495 Heca·

318 1516 479 1572 taeus
503 1507 570 1559 de
592 1508 993 1576 Hyperboreis.
1014 1509 1093 1560 Ab
1117 1504 1401 1562 Attacoris
1424 1518 1621 1579 gentes
1636 1510 1861 1575 Phruri,
1876 1520 1935 1565 et

318 1576 591 1630 Tochari:
637 1585 692 1629 et
715 1579 821 1629 iam
854 1579 1113 1630 Indorum
1147 1580 1355 1642 Casiri,
1389 1581 1669 1632 introrsus
1703 1581 1778 1633 ad
1798 1580 1939 1651 Scy·

319 1646 444 1697 thas
468 1648 633 1709 versi,
660 1646 914 1699 humanis
939 1650 1263 1714 corporibus
1287 1658 1601 1701 vescuntur.
1648 1650 1939 1710 Nomades

316 1730 539 1783 quoque
562 1716 752 1768 indiae
772 1724 1063 1782 vagantur.
1101 1717 1241 1768 Sunt
1265 1719 1359 1785 qui
1388 1719 1455 1770 ab
1489 1721 1773 1786 Aquilone
1802 1737 1939 1772 con·

320 1785 459 1851 tingi
483 1787 551 1838 ab
575 1787 708 1851 ipsis
735 1793 789 1837 et
813 1788 1044 1837 Ciconas
1070 1786 1295 1850 dixere,
1340 1796 1396 1840 et
1429 1790 1741 1856 Brysanos.

389 1854 539 1906 XXI.
564 1851 673 1905 Sed
696 1856 838 1907 unde
861 1855 1023 1922 plane
1045 1864 1302 1909 constent
1323 1863 1538 1925 genteS,
1557 1860 1765 1911 Emodi
1784 1876 1944 1913 mou-

317 1930 403 1988 tes
428 1926 1125 1991 assurgunt,lndorumque
1146 1942 1280 1993 gens
1301 1926 1516 1992 incipit,
1542 1943 1649 1979 non
1666 1929 1796 1981 Eoo
1819 1936 1944 1981 tan—

318 1999 436 2042 tum
467 1992 607 2042 mari
631 1992 919 2055 adiacens,
940 2006 1128 2046 verum
1163 2003 1219 2047 et
1239 1997 1573 2058 meridiano,
1610 1999 1767 2063 quod
1788 2000 1944 2052 {ndi-

318 2074 446 2111 cum
488 2060 892 2127 appellavimus
916 2082 928 2113 :
974 2079 1222 2131 quaeque
1263 2079 1390 2131 pars
1434 2067 1643 2117 orienti
1686 2068 1945 2122 adversa
1999 2067 2000 2070 ’

315 2134 472 2180 recto
487 2131 869 2195 praetenditur
888 2133 1088 2198 spati0,
1114 2134 1184 2184 ad
1205 2134 1405 2186 flexum
1430 2141 1486 2185 et
1506 2136 1733 2187 initium
1754 2139 1946 2191 Indici

316 2198 492 2248 maris
518 2198 703 2251 decies
726 2208 783 2252 et
819 2204 997 2252 octies
1034 2209 1268 2255 centena
1293 2205 1511 2257 XXXV
1541 2205 1621 2256 M.
1661 2220 1946 2272 passuum

318 2265 552 2334 colligit.
575 2268 789 2322 Deinde
802 2269 1162 2338 qnaflectitur
1182 2276 1237 2324 in
1261 2273 1546 2326 meridiem
1568 2276 1745 2327 vicies
1768 2285 1830 2328 et
1859 2294 1945 2331 se·

312 2336 438 2387 xies
459 2344 691 2389 centena
714 2338 923 2391 LXXV
952 2340 1032 2390 M.
1055 2356 1201 2408 pass.
1226 2351 1286 2394 ut
1306 2343 1710 2396 Eratosthenes
1737 2349 1946 2410 tradit,

312 2420 487 2470 usque
510 2406 787 2470 adludunt
813 2424 1047 2472 amnem,
1073 2412 1165 2477 qui
1186 2419 1269 2463 est
1286 2413 1353 2463 ab
1378 2413 1669 2465 occidente
1697 2416 1835 2465 finis
1855 2418 1943 2468 ln-

312 2473 456 2525 diae.
482 2475 803 2541 Complures
825 2486 1010 2529 autem
1029 2486 1208 2531 totam
1221 2481 1395 2548 ipsius
1407 2481 1943 2549 longitudinemXL

314 2541 527 2593 dierum
539 2546 897 2613 noctiumque
912 2547 1129 2600 velifico
1156 2552 1372 2601 navium
1396 2567 1562 2603 cursu
1587 2552 1943 2612 determina·

242 2613 247 2620 “
310 2624 466 2660 vere:
494 2617 550 2661 et
575 2628 609 2661 a
632 2618 1034 2678 septemtrione
1058 2619 1126 2668 ad
1152 2620 1438 2672 meridiem
1467 2622 1636 2674 vicies
1660 2630 1719 2673 et
1747 2626 1941 2682 octies

313 2684 545 2729 centena
557 2683 962 2750 quinquaginta
974 2679 1052 2737 Μ’.
1067 2701 1346 2753 passuum.
1360 2690 1604 2760 Agrippa
1615 2691 1710 2743 lon
1717 2694 1941 2762 gitudi·
