2009 3025
330 131 400 183 42

335 230 452 283 LV.

220 329 231 338 κ
334 295 497 351 LVI

331 365 500 418 LVII.

334 500 531 554 LVIII.

335 608 482 694 mx.

335 775 455 829 LX.

335 843 481 897 LXI.

294 1021 309 1035 .,
335 979 510 1035 LXII.

335 1048 536 1100 Lxm.

333 1115 525 1168 LXIV.

334 1183 504 1236 LXV.

332 1249 535 1304 LXVI.

335 1319 561 1371 LXVII.

334 1386 586 1446 LXVIII.

140 1415 149 1424 ’
260 1484 269 1489 κ
334 1446 535 1509 inx.

335 1524 505 1575 Lxx,

334 1592 534 1644 Lxxt

334 1661 560 1714 Lxxu.

309 1784 314 1791 ,
333 1729 585 1783 Lxxm.

331 1796 587 1851 Lxxnz.

335 1864 557 1923 Lxxv.

335 1929 596 1988 LXXVI.

646 132 705 182 Q.
774 127 1097 188 PLINII
1167 121 1600 190 SECUNDI
1677 174 1688 180 .

662 229 950 284 Catholica
971 228 1270 306 fulgurum.

662 300 819 361 Quae
844 301 1119 367 nunquam
1143 298 1435 350 feriantur.

660 368 833 420 Lacte
894 368 1081 428 luisse,
1122 368 1406 445 sanguine,
1434 376 1618 424 carne,
1651 357 1921 443 (οι-ωλι

882 401 1126 486 ateribus
1149 434 1339 486 coctis.

657 505 965 555 Armorum
960 503 1260 567 stelepitunu
1301 506 1361 553 et
1394 500 1562 551 tubae
1592 507 1837 578 sumtum
1858 496 1925 549 de

706 572 903 623 caelo
927 572 1197 623 auditum.

664 639 751 693 De
769 637 1047 705 lapidibus
1068 639 1223 691 caelo
1245 638 1586 690 cadentibus.
1636 637 1922 700 Anaxago·
1970 678 1974 682 .

746 721 845 760 rea
865 708 933 760 de
954 707 1057 758 his.
1987 713 1988 716 ’

658 778 830 827 Arcus
851 775 1127 828 caelestis.

659 844 877 897 Natura
898 842 1203 914 grandinis,
1222 844 1313 894 nis
1315 842 1384 905 is,
1406 841 1655 924 pruinae,
1678 835 1925 900 nebulae,

747 914 909 973 roris,
932 910 1174 963 nubium.

656 979 1048 1046 Proprietates
1060 978 1247 1031 caeli
1230 994 1289 1030 ιιι
1308 978 1464 1032 Iocis.

657 1048 885 1101 Natura
906 1055 1107 1101 terrae.

660 1116 748 1169 De
770 1117 950 1168 forma
971 1117 1107 1169 eius.

661 1186 744 1236 An
765 1186 876 1235 sint
894 1183 1215 1251 Antipodes.
1275 1216 1290 1221 -

665 1252 955 1316 Quomodo
977 1268 1123 1321 aqua
1143 1260 1233 1304 ter
1234 1265 1327 1303 rae
1348 1250 1561 1302 innexa.

665 1323 747 1373 An
769 1321 1138 1373 circumdatus
1164 1328 1344 1372 terrae
1364 1320 1630 1378 Oceanus.

666 1390 821 1451 Quae
843 1390 1028 1456 portio
1050 1395 1235 1450 terrae
1259 1387 1559 1444 habitetur

656 1455 909 1510 Mediam
930 1475 1051 1512 esse
1074 1457 1265 1512 mundi
1280 1462 1504 1509 terram.

657 1526 744 1579 De
767 1529 1091 1594 obliquitate
1111 1528 1404 1578 zonarum.

660 1594 750 1647 De
769 1597 1170 1663 inaequalitate
1195 1596 1495 1647 climatum.

664 1664 769 1716 Ubi
791 1665 1021 1732 eclipses
1042 1680 1153 1716 non
1178 1668 1496 1730 appareant,
1520 1666 1579 1712 et
1598 1674 1786 1727 quare.

661 1734 818 1795 Quae
836 1736 979 1786 ratio
1004 1734 1235 1785 diurnae
1255 1731 1427 1783 lucis’
1410 1746 1470 1780 ιιι
1490 1731 1671 1782 terris
1775 1738 1778 1743 ’

663 1802 939 1853 Canonica
959 1802 1028 1853 de
1049 1801 1240 1852 eadem
1260 1815 1343 1851 re.

665 1869 792 1931 Ubi,
813 1876 872 1920 et
894 1864 1112 1936 quando
1136 1868 1321 1924 nullae
1341 1868 1588 1918 umbrae.

665 1935 767 2011 Ub
830 1937 876 1987 is
895 1951 1077 1988 anno:
1120 1935 1217 1987 ubi
1241 1938 1301 1986 in
1339 1936 1675 1988 contrarium
1700 1934 1931 1986 umbrae

802 2010 1014 2055 rantur.

335 2067 612 2122 LXXVII.
663 2070 769 2123 Ubi
787 2070 1110 2152 longissimi
1117 2071 1251 2134 dieS,
1269 2069 1369 2123 ubi
1386 2069 1710 2123 brevissimi.

336 2136 637 2189 LXXVIII.
660 2137 746 2190 De
767 2141 944 2205 primo
966 2139 1275 2206 horologio.

334 2202 587 2262 LXXIX.

335 2271 560 2323 LXXX.

333 2339 593 2392 LXXXI.

668 2208 962 2269 Quomodo
988 2210 1345 2260 observentur
1367 2206 1506 2258 dies.

663 2273 994 2328 Differentia
1015 2277 1263 2345 gentium
1284 2274 1358 2327 ad
1378 2275 1652 2355 rationem
1672 2273 1884 2325 mundi.

658 2340 744 2393 De
766 2353 946 2396 terrae
969 2345 1224 2397 motibus.

332 2406 613 2459 Lxxxls.
658 2410 742 2462 De
767 2402 949 2464 terrae
966 2413 1228 2464 hiatibus.

330 2472 637 2528 LXXXIII.
659 2477 828 2546 Signa
848 2488 1029 2533 motus
1053 2480 1246 2532 futuri.

330 2539 635 2596 LXXXIV.
659 2547 883 2603 Auxilia
902 2555 1095 2601 contra
1118 2555 1302 2600 motus
1323 2548 1555 2601 futuros.

334 2608 610 2666 LXXXV.
659 2614 927 2672 Portenta
944 2624 1219 2672 terrarum
1238 2619 1413 2680 semel
1433 2612 1639 2675 tradita
