2009 3025
262 102 265 111 ⁸
329 105 638 160 NATUR.
709 108 1060 164 ms'roR.
1131 110 1289 162 LlB.
1341 112 1439 166 m.
1483 116 1535 167 9.
1635 112 1786 166 239*

141 211 196 263 la
213 210 484 262 immenso
522 211 742 283 quidem
786 215 927 264 mari
967 213 1331 276 circumdata,
1370 217 1460 282 (ut
1498 215 1745 267 creditur

136 282 410 342 Homero)
444 288 501 332 at
534 297 676 332 nunc
706 283 957 350 planitie.
1012 284 1217 335 Mirum
1241 289 1347 345 est,
1368 284 1513 349 quod
1536 283 1745 336 bac-de

136 364 198 401 re
221 350 445 400 tradere
464 349 746 402 hominum
770 353 1007 404 notitiae
1040 367 1354 418 possumus.
1413 351 1741 417 Theophra·

141 424 276 479 stus,
316 419 413 483 qui
436 419 642 484 primus
683 427 1038 472 externorum
1080 422 1270 488 aliqua
1292 421 1362 473 de
1384 421 1649 472 Romanis
1669 421 1745 470 di·

142 487 406 554 ligentius
427 489 674 554 scripsit:
710 493 859 551 (nam
882 490 1295 569 Theopompus,
1319 497 1451 541 ante
1472 504 1632 556 quem
1654 505 1745 541 ne·

93 592 98 601 .
142 570 234 606 mo
258 556 589 608 mentionem
614 556 822 621 babuit,
861 560 1061 611 Urbem
1085 561 1376 611 dumtaxat
1400 574 1435 610 a
1453 557 1636 610 Gallis
1659 573 1748 610 ca·

142 632 294 692 ptam
324 625 498 676 dixit:
543 626 851 679 Clitarchus
891 630 959 680 ab
981 644 1048 681 eo
1070 632 1370 696 proximus,
1411 628 1748 695 legationem

142 701 356 746 tantum
379 694 449 744 ad
469 696 844 747 Alexandrum
881 700 1107 750 missam
1123 702 1159 761 ε)
1201 698 1289 749 bic
1318 700 1429 749 iam
1455 698 1750 763 plusquam

145 770 202 816 et
223 763 387 824 fama,
413 764 750 817 Circeiorum
775 767 990 818 insulae
1015 783 1326 819 mensuram
1355 767 1545 833 posuit
1567 764 1753 816 stadia

145 833 449 898 octoginta,
485 833 540 883 in
581 850 646 887 eo
687 836 984 900 volumine,
1035 837 1181 904 quod
1215 838 1439 902 scripsit
1473 833 1752 891 Nicodoro

141 901 559 958 Atheniensium
604 906 974 971 magistratu3
1033 907 1126 971 qui
1166 904 1276 956 fuit
1315 904 1478 955 Urbis
1523 906 1762 969 nostrae*

144 971 427 1023 ccccxl.
447 987 615 1024 anno.
667 974 948 1041 Quidquid
978 981 1064 1025 est
1087 989 1221 1042 ergo
1255 982 1553 1033 terrarum,
1588 986 1749 1037 prae-

141 1046 235 1092 ter
253 1040 441 1093 decem
466 1041 641 1094 millia
661 1059 918 1109 passuum
961 1058 1136 1117 prope
1181 1045 1436 1107 ambitus,
1476 1041 1752 1094 adnexum

142 1110 383 1167 insulae.
419 1116 544 1176 post
568 1126 691 1163 eum
713 1129 915 1164 annum
941 1113 1176 1165 accessit
1194 1113 1411 1164 ltaliae.

211 1178 371 1229 Aliud
406 1182 754 1233 miraculum:
797 1184 843 1234 A
881 1183 1111 1234 Circeiis
1144 1183 1303 1248 palus
1325 1181 1624 1249 Pomptina
1642 1185 1749 1242 est,

143 1260 305 1314 quem
320 1249 503 1299 locum
523 1249 759 1303 xxxin
773 1253 991 1303 urbium
1012 1251 1184 1303 fuisse
1198 1253 1487 1303 Mucianus
1511 1257 1599 1302 ter
1613 1250 1756 1300 Con·

136 1316 232 1369 sul
254 1316 521 1382 prodidit.
557 1319 701 1368 Dein
721 1319 926 1370 flumen
949 1321 1135 1382 Usens,
1177 1335 1344 1386 supra
1375 1320 1524 1385 quod
1544 1321 1751 1368 Terra·

141 1387 274 1436 cina
301 1383 585 1446 oppidum,
623 1386 813 1451 lingua
830 1389 1160 1438 Volscorum
1195 1391 1382 1438 Anxur
1421 1389 1654 1439 dictum:
1696 1390 1755 1436 et

134 1453 242 1507 ubi
260 1450 419 1502 fuere
433 1452 714 1570 Amyclae,
738 1455 1392 1528 aserpentibtgsjeiQQ
1430 1456 1575 1506 Dein
1596 1455 1755 1505 locus

136 1522 483 1591 speluncae,
544 1533 674 1572 acus
750 1545 751 1548 ¹
877 1535 1033 1583 anus,
1074 1524 1272 1574 Caieta
1313 1531 1538 1587 portus.-
1585 1522 1757 1588 Oppi·
1855 1559 1860 1566 .

141 1593 276 1644 dum
300 1590 575 1649 Formiae,
606 1591 881 1642 Hormiae
905 1592 1060 1656 prius
1083 1591 1212 1640 olim
1237 1591 1462 1654 dictum,
1487 1598 1549 1641 ut
1572 1592 1758 1642 existi·

143 1673 400 1723 mavere,
446 1659 682 1726 antiqua
721 1660 1168 1777 Laestrygonum
1211 1658 1392 1712 sedes.
1448 1659 1609 1709 Ultra
1646 1658 1759 1710 fuit

138 1730 410 1797 ¹oppidum
452 1725 663 1795 Pyrae:
709 1728 932 1781 colonia
967 1772 970 1776 .
1018 1728 1293 1788 intui-nae,
1334 1725 1474 1793 Lyri
1497 1741 1657 1778 amne
1682 1728 1761 1778 di-

139 1802 283 1861 visa,
315 1798 479 1849 Glani
505 1800 804 1865 appel-lato.
844 1795 1122 1865 Oppidum
1145 1794 1428 1857 Sinuessa,
1448 1801 1757 1847 extremum

140 1870 204 1921 in
240 1869 464 1920 adiecto
503 1869 691 1931 Latio,
731 1881 893 1935 quam
932 1867 1155 1934 quidam
1188 1864 1431 1931 Sinopen
1456 1864 1644 1916 dixere
1665 1878 1760 1914 vo-

142 1939 399 1991 citatam.
1249 1945 1253 1949 *

216 2007 373 2058 Hinc
410 2005 548 2057 felix
580 2005 682 2057 illa
728 2006 1030 2072 Campania
1068 2009 1172 2056 est.
1230 2006 1311 2056 Ab
1350 2002 1459 2055 hoc
1480 2008 1604 2055 sinu
1625 2002 1760 2052 iuci-
1835 2031 1842 2044 ι

143 2076 303 2143 piunt
323 2070 538 2127 vitiferi
564 2076 759 2136 colleS,
797 2082 853 2128 et
878 2075 1210 2127 temulentia
1240 2074 1442 2126 nobilis
1466 2085 1632 2123 succo
1663 2083 1762 2139 per

146 2160 341 2208 omnes
364 2151 543 2196 terras
565 2145 801 2212 inclyto,
832 2151 999 2211 atque
1022 2145 1109 2202 (ut
1132 2148 1350 2195 veteres
1372 2143 1586 2210 dixere)
1609 2155 1757 2191 sum·

143 2229 295 2265 mum
318 2214 507 2272 Liberi
532 2215 719 2266 Patris·
737 2229 858 2263 cum
883 2215 1085 2266 Cerere
1115 2219 1413 2266 certamen.
1450 2209 1600 2262 Hinc
1616 2208 1760 2261 Seti-

144 2284 207 2335 ni
229 2291 290 2336 et
312 2284 551 2335 Caecubi
573 2283 983 2351 protenduntur
1003 2283 1141 2349 agri.
1191 2283 1298 2335 His
1329 2285 1630 2349 iunguntur
1653 2279 1758 2330 Fa·
1847 2289 1856 2292 ⁴

145 2354 315 2415 lerni,
359 2353 569 2405 Caleni.
631 2353 782 2404 Dein
821 2357 1166 2420 consurgunt
1204 2354 1454 2413 Massici,
1496 2349 1763 2410 Gaurani,

143 2420 576 2490 Surrentinique
604 2428 839 2473 montes.
894 2420 982 2470 lbi
1013 2420 1284 2472 Leborini
1309 2421 1487 2487 campi
1528 2418 1765 2473 sternui-

141 2498 258 2555 tur,
300 2491 438 2543 etin
463 2491 697 2541 delicias
730 2492 907 2541 alicae
927 2490 1229 2556 populatur
1248 2492 1464 2541 messis.
1501 2491 1659 2547 Haec
1678 2489 1763 2539 in·

139 2566 275 2621 tora
297 2560 552 2611 fontibus
580 2559 778 2612 calidis
808 2560 1100 2626 rigantur:
1143 2567 1471 2625 praeterque
1494 2566 1692 2611 cetera'
1712 2556 1763 2612 si

136 2637 269 2684 toto
290 2629 436 2681 mari
455 2627 747 2696 conchylio
766 2635 824 2683 et
843 2629 996 2696 pisce
1018 2628 1199 2682 nobili
1220 2633 1578 2680 annotantur.
1614 2627 1765 2681 Nun·
1791 2627 1798 2630 “

758 2889 831 2982 ἦ
934 2923 943 2934 .
