2009 3025
230 171 337 261 21‘2
409 189 417 196 '
636 206 696 260 c.
732 201 1018 263 PL1N11
1053 202 1418 261 sEcuNm

233 309 334 364 sed
354 307 550 377 paucis
586 315 714 378 post
749 308 985 363 diebus=
1028 308 1197 364 sicuti
1233 321 1410 376 neque
1446 304 1505 358 in
1546 305 1718 374 plena
1745 307 1847 359 aut

232 380 555 442 novissima,
593 379 692 431 sed
726 386 962 446 posteaz
1002 393 1109 431 nec
1140 378 1334 446 statim
1354 383 1420 429 ut
1438 375 1656 428 Lunam
1681 389 1843 427 mun-

238 449 341 501 dus
364 445 626 501 ostendat
645 448 978 513 occultetve,
1020 453 1118 499 aut
1144 447 1328 500 media
1361 447 1529 515 plaga
1568 445 1845 507 declinet3

232 532 424 570 verum
478 516 689 569 duabus
740 517 861 572 fere
902 516 1060 570 horis
1097 514 1596 583 aequinoctialibus
1633 513 1842 565 serius:

233 586 487 639 tardiore
503 601 722 654 semper
740 587 811 638 ad
832 593 1015 641 terras
1035 586 1300 648 omnium,
1330 598 1470 653 quae
1491 589 1766 652 geruntur
1784 585 1845 635 in

236 655 413 719 caele,
453 656 678 708 effectu-
694 657 946 719 cadente,
987 657 1157 726 'quam
1195 654 1339 719 visu,
1374 652 1543 708 sicuti
1581 651 1846 722 fulguris,

238 730 296 775 et
316 724 584 789 tonitrus,
606 730 663 777 et
682 723 997 778 ftssminum.

306 794 510 846 Omnes
552 800 739 846 autem
777 801 963 848 aestus
998 794 1060 846 in
1089 794 1312 846 Oceano
1349 790 1569 845 maiora
1584 790 1849 859 integunt

235 864 421 929 spatia
440 863 839 933 inundantque,
862 864 1104 931 quam-in
1127 862 1347 929 reliquo
1364 861 1534 913 mariz
1573 860 1691 913 sive
1713 860 1849 928 quia

232 937 415 984 totum
437 933 494 983 in
511 933 873 986 universitate
893 932 1198 985 animosius
1220 935 1326 995 est,
1362 943 1528 998 quam
1557 929 1618 982 in
1646 936 1809 997 parte
1829 947 1849 994 ς

234 999 354 1053 sive
377 1001 509 1067 quia
527 1003 858 1070 magnitudo
877 1009 1073 1071 aperta
1088 1000 1292 1054 sideris
1309 1001 1419 1052 vim
1442 1000 1568 1052 laxe
1586 1013 1851 1067 grassan-

171 1111 177 1122 ,
234 1070 308 1119 tis
347 1069 625 1122 efficacius
662 1070 836 1123 sentit
855 1107 873 1135 ‚
909 1070 1149 1136 eandem
1188 1070 1464 1139 angustiis
1492 1068 1848 1121 arcentibus.

234 1138 362 1199 Qua
386 1137 454 1190 de
475 1153 644 1190 causa
670 1154 772 1191 nec
789 1140 970 1203 lacus,
1005 1139 1117 1193 hec
1134 1154 1322 1191 amnes
1342 1136 1601 1191 similiter
1620 1151 1851 1191 moven-

236 1211 347 1255 tur.
386 1206 526 1257 Octo
569 1208 686 1258 enis
708 1209 909 1259 cubitis
941 1223 1114 1274 supra
1129 1209 1486 1260 Britanniam
1506 1207 1849 1274 intumescas:

232 1287 297 1325 re
319 1280 507 1326 aestus
571 1273 776 1342 ytheas
793 1275 1167 1329 Massiliensis
1187 1282 1387 1330 auctor
1408 1281 1512 1328 est.
1565 1275 1852 1344 Interiora

228 1348 425 1399 autem
458 1345 637 1396 maria
676 1344 842 1397 terris
880 1345 1234 1409 clauduntur,
1273 1352 1340 1398 ut
1375 1350 1561 1412 portu.
1600 1345 1849 1408 Quibus·

232 1411 362 1464 dam
396 1415 660 1465 tamenin
699 1414 838 1467 locis
866 1415 1173 1482 spatiosior
1189 1415 1403 1467 laxitas
1422 1413 1628 1466 ditioni
1649 1419 1850 1481 paratz

228 1485 429 1549 utpote
463 1496 587 1535 cum
625 1483 789 1551 plura
827 1484 1084 1553 exempla
1112 1485 1244 1548 sint,
1274 1484 1334 1537 in
1353 1483 1662 1552 tranquillo
1682 1479 1853 1551 mari,

228 1552 498 1619 nulloque
517 1552 770 1606 velorum
800 1553 1044 1622 impulsu
1058 1592 1074 1618 ‚
1113 1555 1288 1607 tertio
1310 1555 1404 1608 die
1423 1569 1494 1607 ex
1514 1553 1687 1606 Italia
1705 1568 1845 1622 pro-

228 1627 518 1673 vectorum
556 1622 794 1687 Uticam,
829 1629 989 1678 aestu
1026 1623 1295 1677 fervente.
1352 1625 1516 1677 Circa
1541 1623 1720 1676 litora
1736 1635 1845 1674 au-

228 1700 347 1741 tem
389 1692 567 1758 magis
606 1708 773 1761 quam
811 1693 872 1747 in
893 1693 1013 1747 alto
1044 1691 1530 1760 deprehenduntur
1546 1690 1605 1744 hi
1621 1692 1813 1745 moffls
1827 1708 1846 1742 ε

231 1760 498 1828 quoniam
518 1761 651 1813 etin
674 1777 904 1830 corpore
927 1769 1181 1816 extrema
1197 1762 1417 1830 pulsum
1439 1776 1705 1815 venarum
1718 1797 1735 1826 ,
1777 1759 1847 1813 id

230 1834 354 1890 est,
390 1828 622 1894 spiritus
660 1832 840 1899 magis
876 1833 1146 1884 sentiunt.
1225 1831 1289 1883 In
1326 1831 1611 1900 plerisque
1649 1836 1847 1882 tamen

228 1896 529 1949 aestuariis
547 1905 779 1967 propter
796 1899 1047 1968 dispares
1071 1900 1315 1954 siderum
1335 1901 1396 1953 in
1415 1914 1634 1968 quoqne
1646 1906 1846 1952 tractu

227 1972 481 2028 exortus,
523 1966 731 2019 diversi
747 1969 1022 2022 exsistunt
1040 1976 1249 2033 aestus,
1286 1975 1557 2037 tempore,
1593 1983 1709 2022 non
1741 1983 1843 2023 ra·

224 2035 402 2098 tione,
431 2033 736 2100 discordes,
773 2036 918 2090 sicut
934 2039 993 2090 in
1014 2038 1294 2107 Syrtibus.
1518 2102 1527 2107 ⁵

295 2103 358 2156 C.
388 2104 467 2155 Et
484 2103 828 2171 quorundam
863 2113 1053 2160 tamen
1071 2108 1293 2174 privata
1311 2112 1516 2161 natura
1532 2112 1641 2171 est,
1678 2105 1842 2160 velut

224 2171 686 2226 Tauromenitani
715 2175 898 2242 euripi
925 2177 1169 2245 saepius,
1206 2177 1343 2231 etin
1360 2177 1596 2230 Euboea
1620 2177 1838 2244 septies

224 2240 319 2294 die
346 2255 416 2293 ac
435 2247 604 2295 nocte
640 2243 1056 2311 reciprocantis.
1109 2246 1312 2299 Aestus
1351 2247 1502 2299 idem
1541 2245 1734 2299 triduo
1774 2246 1837 2300 in

222 2323 415 2362 mense
451 2312 746 2375 consistit,
782 2314 1057 2380 septima,
1085 2321 1320 2379 octava,
1360 2328 1618 2385 nonaque
1650 2316 1835 2368 Luna.

226 2377 497 2459 pudibus,
535 2380 634 2445 qui
663 2387 752 2433 est
789 2381 1024 2437 delubro
1056 2385 1323 2438 Herculis
1361 2386 1671 2453 proximus,
1701 2384 1833 2437 fons

223 2445 476 2497 inclusus
505 2447 580 2499 ad
609 2450 767 2515 putei
798 2451 1041 2516 modum,
1077 2453 1223 2506 alias
1251 2454 1423 2506 simul
1449 2457 1832 2515 cumsoceano

225 2518 464 2579 augetur
481 2516 872 2587 minuiturque,
898 2520 1043 2574 alias
1062 2536 1197 2574 vero
1217 2529 1514 2591 utriunque
1534 2522 1834 2577 contrariis

223 2582 585 2664 temporilius.
638 2586 854 2641 Eodem
883 2590 943 2641 in
975 2589 1103 2641 loco
1132 2590 1312 2655 alter,
1345 2593 1555 2645 Oceani
1583 2593 1831 2645 motibus

225 2656 530 2704 consentit.
581 2653 645 2706 In
683 2659 809 2725 ripa
827 2658 1020 2711 Baetis
1058 2659 1320 2725 oppidum
1344 2666 1449 2723 est,
1490 2660 1652 2713 cuius
1672 2661 1832 2729 putei

225 2724 511 2773 crescente
548 2730 714 2778 aestu
749 2728 1079 2778 minuuntur
1094 2761 1111 2789 ,
1152 2734 1461 2797 augescunt
1497 2729 1829 2790 decedente,
