2009 3025
200 62 541 161 ”NAsrua
599 88 1168 145 msToR.=L·113.
1219 80 1532 152 vas-28⁴.
1604 99 1709 153 32⁷

91 158 469 257 flnrymedon
510 192 671 244 iuxta
709 193 1023 260 Aspendum
1066 192 1277 248 fluens:
1342 184 1732 265 Cataractes,-

84 261 267 383 ἰθεῖα
284 275 450 378 lquem
470 260 784 328 Lyrnessus
806 269 864 315 et
883 263 1081 345 Olbia,
1111 264 1419 332 ultimaque
1441 268 1558 320 eius
1579 284 1713 322 orae

181 344 280 380 ase
308 343 374 380 is.
820 347 831 364 ⁸
1635 356 1638 361 ·

99 392 114 401 ”
166 396 402 450 xxvu.
441 397 692 453 Iunctum
713 401 764 450 ei
783 414 936 452 mare
950 371 1313 468 Lyciumest,
1334 418 1578 472 gensque
1598 407 1712 473 Ly·
1771 455 1786 478 ἱ
1873 438 1892 448 -

91 467 218 521 cia:
246 465 411 539 ,unde
430 474 645 519 vastum
668 470 845 519 sinum
869 471 1089 521 Taurus
1110 485 1298 534 mons,
1338 474 1408 524 ab
1444 474 1590 525 Eois
1620 488 1713 529 ve-

90 537 259 587 niens
280 535 560 600 litoribus,
585 536 1317 604 Chelidoniopromontorio
1340 542 1709 594 disterminat.

88 607 409 658 Immensus
450 606 598 673 ipse,
641 612 701 658 et
743 606 1154 660 innumerarum
1198 610 1444 676 gentium
1483 613 1710 673 arbiter,

89 673 303 727 dextro
327 673 503 727 latere
523 675 1016 746 septemtrionalia,
1056 677 1152 729 ubi
1173 679 1406 744 primum
1427 681 1500 731 ab
1522 680 1708 731 indico

87 743 238 796 mari
265 744 530 812 exsurgit,
552 743 710 796 laevo
730 744 1099 808 meridianus,
1142 754 1200 798 et
1220 747 1290 798 ad
1314 763 1566 800 occasum
1588 755 1712 800 ten-

88 810 272 866 denst
314 811 662 880 mediamque
683 811 999 870 distrahens
1017 815 1223 879 Asiam,
1244 816 1349 867 nisi
1371 816 1712 884 opprimenti

85 887 279 934 terras
302 888 663 934 occurrerent
682 885 874 935 maria.
924 883 1130 934 Resilit
1150 898 1285 952 ergo
1307 899 1341 935 a
1360 886 1713 953 septemtrio·
1775 942 1787 950 ,

87 965 193 1004 ne:
233 947 518 1018 flexusque
535 951 873 1003 immensum·
888 951 1000 1004 iter
1019 954 1256 1018 quaerit,
1276 955 1430 1007 velut
1454 954 1523 1007 de
1544 955 1706 1006 indu-

88 1021 242 1072 stria
262 1034 445 1072 rerum
469 1026 672 1072 natura
690 1019 928 1073 subinde
949 1035 1195 1088 aequora
1218 1030 1560 1090 opponente,
1577 1022 1708 1075 hinc

86 1087 472 1153 Phoenicium,
489 1088 617 1142 hinc
637 1089 954 1154 Ponticum,
964 1090 1120 1143 illinc
1141 1093 1400 1159 Caspium
1425 1099 1483 1145 et
1495 1095 1709 1160 Hyrca-

87 1159 270 1221 nium,
283 1163 583 1226 contraque
595 1159 935 1212 Maeoticum
959 1160 1160 1213 lacum.
1181 1164 1501 1229 'l'orquetur
1518 1163 1710 1230 itaque

89 1228 328 1280 collisus
346 1227 494 1281 inter
514 1225 650 1280 haee
667 1229 930 1292 claustra,
972 1236 1036 1282 et
1055 1236 1238 1282 tamen
1261 1233 1456 1295 victor,
1500 1228 1710 1283 flexuo-

88 1313 190 1350 sus
213 1297 406 1351 evadit
446 1297 725 1363 usquead
768 1305 1007 1364 cognata
1026 1298 1403 1365 Riphaeorum
1434 1302 1709 1351 montium

86 1369 245 1436 iuga,
265 1366 577 1418 numerosis
597 1365 913 1417 nominibus
933 1371 992 1418 et
1012 1368 1186 1428 novis,
1208 1382 1532 1435 quacunque
1553 1369 1704 1419 ince-

40 1454 49 1461 ·
89 1436 211 1500 dit,
245 1436 504 1504 insignist
550 1436 735 1487 Imaus
758 1437 936 1499 prima
957 1441 1118 1501 parte
1143 1434 1351 1498 dictus,
1395 1450 1523 1489 mox
1547 1437 1708 1487 Emo-

88 1506 220 1570 dus,
260 1504 671 1573 Paropamisos,
704 1503 937 1564 Circius,
976 1501 1339 1566 Chambades,
1377 1503 1708 1571 Paryadres,

87 1575 392 1636 Choatras,
404 1576 639 1643 Ore-ges,
654 1569 962 1634 Oroandes,
974 1571 1267 1638 Niphates,
1276 1574 1496 1625 Taurus
1509 1592 1523 1625 ε
1539 1579 1708 1640 atque

62 1645 194 1708 ,ubi
213 1658 275 1698 se
295 1658 511 1711 quoque
526 1648 845 1709 exsuperat,
861 1642 1165 1692 Caucasus:
1187 1641 1283 1693 ubi
1302 1640 1534 1696 brachia
1550 1642 1709 1696 emit·
1797 1655 1808 1668 “

86 1715 185 1779 tit,
226 1712 461 1767 subinde
483 1710 729 1765 tentanti
748 1710 928 1762 maria
948 1710 1169 1770 similis,
1193 1708 1505 1775 Sarpedon,
1523 1709 1709 1764 'Cora-

90 1783 300 1846 eesius,
334 1783 566 1850 Cragus,
607 1781 922 1846 iterumque
943 1780 1192 1830 Taurus:
1236 1780 1409 1832 etiam.
1429 1780 1524 1831 ubi
1554 1778 1708 1831 dehi-

91 1854 233 1916 seit,
270 1866 437 1919 seque
456 1849 675 1919 po'pulis
695 1849 907 1916 aperit,
953 1853 1239 1914 portarum
1275 1855 1459 1902 tamen
1485 1850 1708 1900 nomine

89 1922 371 1974 unitatem
408 1921 513 1972 sibi
556 1918 861 1981 vindicans,
899 1932 1041 1984 quae
1061 1918 1194 1968 alibi
1227 1919 1535 1980 Armeniae,
1572 1916 1706 1970 alibi

92 1990 349 2057 Caspiae,
372 1989 508 2042 'aiibi
533 1988 761 2040 Ciliciae
779 1994 1067 2039 vocantur.
1115 1985 1262 2047 Quin
1286 1988 1454 2038 etiam
1480 1984 1700 2037 confra·
1799 1999 1814 2010 ⁴

93 2068 218 2113 ctus
237 2095 254 2122 ,
293 2058 562 2127 effugiens
584 2072 800 2124 quoque
819 2057 1033 2117 maria,
1074 2054 1329 2120 plurimis
1361 2071 1421 2107 se
1451 2055 1718 2123 gentium,

93 2127 555 2182 nominibushinc
573 2134 630 2177 et
651 2127 820 2178 illinc*
832 2126 1062 2192 implett
1086 2139 1120 2175 a
1142 2123 1346 2177 dextra
1361 2123 1702 2189 Hyrcanius,

92 2197 354 2265 Caspiusx
398 2211 434 2248 a
451 2196 617 2247 laeva
635 2194 972 2262 Paryadres,
1016 2192 1332 2244 Moschicus
1345 2229 1362 2255 ,
1400 2191 1700 2246 Amazoni·

93 2283 213 2329 cus,
235 2265 552 2328 Coraxicus,
590 2262 886 2330 Scythicus
906 2260 1237 2331 appellatus.
1305 2261 1367 2314 ln
1387 2262 1699 2312 universum

91 2351 225 2390 vero
247 2335 463 2386 Graece
479 2334 798 2385 ceraunius.
1135 2372 1148 2377 -
1430 2371 1433 2372 ⁷

162 2402 509 2456 xxv111.,12n
531 2402 708 2469 Lycia
728 2403 966 2468 igitur,a
988 2399 1376 2467 promontorio
1399 2397 1518 2450 eius
1540 2396 1694 2465 oppi-

90 2475 222 2527 dum
245 2471 481 2531 Simena,
507 2483 669 2521 mons
692 2466 985 2522 Chimaera
1004 2467 1263 2521 noctibus
1286 2465 1549 2534 flagrans,
1573 2467 1689 2519 He»

91 2539 402 2612 phaestium
427 2539 659 2603 civitas,
703 2543 762 2590 et
781 2538 905 2605 ipsa
921 2552 1092 2603 saepe
1123 2535 1489 2604 flagrantibus
1519 2536 1691 2605 iugis:

91 2610 369 2682 Oppidum
389 2609 662 2679 Olympus
680 2607 767 2661 ibi
785 2606 921 2663 suite
962 2621 1107 2660 nune
1122 2612 1255 2659 sunt
1274 2613 1563 2672 montana,
1575 2606 1691 2659 Ga-

1057 2825 1094 2842 f
