2009 3025
465 56 517 125 'X

228 161 532 220 NATUR.
589 165 936 230 ulsrroa.
986 142 1148 223 Lm.
1194 168 1286 220 ui.
1331 165 1524 222 15.16.
1591 170 1699 224 249

92 265 297 320 Lxxv
331 264 412 319 M.
453 282 603 335 pass.
651 269 929 337 Oppidum
970 270 1159 332 Crot0,
1198 270 1376 322 amnis
1399 268 1702 339 Neaethus.

94 336 365 404 Oppidum
387 328 604 401 Thurii,
636 338 783 390 inter
803 339 943 391 duos
967 354 1157 391 amnes
1181 338 1414 391 Crathin
1435 346 1492 390 et
1516 340 1698 406 Sybaqj'
1799 389 1803 393 ⁴

94 400 317 467 rin,“ubi
337 405 445 458 fuit
465 408 598 459 urbs
619 408 814 466 eodem
837 409 1074 461 nomine.
1133 408 1408 461 Similiter
1438 415 1524 461 est
1545 409 1697 468 inter

96 472 239 526 Sirin
281 480 339 527 et
377 476 586 548 Acirin—
603 478 892 541 Heraclia,
934 477 1232 544 aliquando
1256 477 1394 530 Siris
1428 481 1695 530 vocitata.

93 540 377 596 Flumina:
415 547 806 610 Acalandrum,
831 549 1191 599 Casuentum:
1223 548 1487 614 oppidum
1510 548 1694 598 Meta·

94 619 342 680 pontum,
383 627 491 680 quo
525 619 697 668 tertia
715 616 916 670 Italiae
935 619 1093 684 regio
1115 615 1324 669 finitur.
1368 616 1697 685 Mediterra-

93 681 180 735 nei
198 681 544 749 Brutiorum,
583 687 878 751 Aprustani
916 692 1162 739 tantum:
1201 686 1560 744 Lucanorum
1599 700 1697 736 au·

92 754 226 813 tem,
266 753 561 816 Atenates,
603 752 853 818 Bantini,
885 755 1139 817 Eburini,
1187 754 1554 816 Grumentini,
1591 753 1699 805 Po·

91 820 315 883 tentini,
352 820 589 886 Sontini,
630 822 822 886 Sirini,
863 824 1170 892 Tergilani,
1215 824 1523 883 Ursentini,
1566 821 1699 874 Vol-

92 893 325 953 centani,
367 892 568 958 quibus
606 892 971 945 Numestrani
1011 895 1341 959 iunguntur.
1394 892 1699 945 Praeterea

89 957 335 1012 interiise
354 958 576 1014 Thebas
598 960 857 1015 Lucan'as
899 964 1041 1016 Cato
1064 968 1261 1014 auctor
1301 967 1405 1014 est.
1459 962 1535 1013 Et
1555 961 1697 1013 Pan-

91 1026 301 1080 dosiam
339 1029 693 1084 Lucanorum
736 1033 932 1085 urbem
971 1030 1150 1084 fuisse
1177 1030 1695 1101 Theopompushin

91 1111 193 1163 qua
210 1098 527 1153 Alexander
548 1101 812 1169 Epirotes
834 1102 1175 1154 occubuerit.

156 1166 304 1221 XVI.
344 1170 706 1222 connectitur
733 1171 977 1224 secunda
1003 1173 1179 1238 regio,
1222 1169 1478 1237 amplexa
1496 1170 1692 1237 Hirpi-

88 1249 184 1286 nos
202 1271 223 1300 ,
263 1237 584 1290 Calabriam
608 1274 625 1301 ,
663 1241 942 1307 Apuliam,
984 1238 1325 1300 Salentinos,
1365 1239 1499 1291 CCL
1521 1240 1602 1291 M.
1624 1242 1698 1289 si·

86 1319 176 1365 nu,
215 1306 315 1370 qui
335 1307 677 1355 Tarentinus
695 1307 1025 1372 appellatur,
1066 1308 1137 1358 ab
1158 1307 1365 1372 oppido
1386 1309 1696 1369 Laconum,

85 1372 138 1422 in
179 1387 407 1422 recessu
446 1372 552 1422 hoc
571 1372 769 1424 intimo
791 1375 902 1425 sito
923 1409 940 1436 ,
979 1375 1299 1427 contributa
1317 1390 1387 1427 ¹eo
1408 1377 1697 1428 maritima

88 1439 317 1492 colonia
355 1454 496 1507 quae
534 1440 615 1491 ibi
637 1440 836 1493 fuenat.
888 1443 1060 1493 Abest
1081 1442 1362 1494 CXXXVI
1384 1443 1462 1493 M.
1487 1459 1631 1509 pass.
1660 1459 1698 1496 a

84 1508 321 1563 Lacinio
362 1513 778 1576 promontorio,
839 1508 1134 1564 adversam
1189 1513 1242 1563 ei
1281 1512 1594 1565 Calabriam
1635 1515 1696 1565 in

87 1579 443 1647 peninsulam
467 1580 743 1631 emittens.
799 1579 1005 1631 Graeci
1030 1578 1368 1645 Messapiam
1389 1595 1424 1632 a
1445 1581 1583 1633 duce
1604 1595 1698 1648 ap·

88 1651 404 1716 peliaverex
440 1654 499 1701 et
523 1654 654 1701 ante
674 1647 956 1711 Peucetia,
997 1664 1034 1700 a
1054 1647 1319 1699 Peucetio
1341 1648 1571 1704 Oenotri
1586 1648 1698 1701 fra·

90 1726 193 1782 tre,
213 1719 275 1771 in
298 1717 586 1772 Salentino
607 1732 765 1785 agro.
801 1718 954 1769 Inter
975 1715 1363 1783 promontoria
1383 1717 1426 1767 C
1445 1717 1523 1768 M.
1547 1732 1696 1783 pass.

90 1786 386 1841 intersunt.
443 1787 713 1840 Latitudo
760 1787 1084 1853 peninsulae
1114 1801 1147 1837 a
1179 1787 1427 1837 Tarento
1460 1785 1697 1836 Brundi-

93 1859 230 1909 sium
257 1863 478 1911 terreno
497 1857 699 1910 itinere
718 1856 1024 1911 XXXVM.
1049 1869 1194 1921 pass.
1218 1859 1391 1920 patet,
1413 1855 1700 1920 multoque
1775 1889 1781 1895 ·

91 1926 310 1980 brevius
343 1943 378 1980 a
451 1933 580 1979 ortu
606 1926 822 1979 Sasina.
877 1924 1097 1993 Oppida
1123 1935 1235 2046 xer
1264 1924 1641 1977 continentem
1667 1939 1701 1993 a

20 2045 21 2050 ,
86 1987 366 2062 TarentO,
456 1999 606 2061 aria,
646 1997 736 2049 eui
773 2009 1083 2063 cognomen
1170 1993 1353 2060 pulae,
1393 1992 1698 2060 Messapia,

20 2081 22 2088 ’
90 2065 348 2119 Aletium.
387 2066 457 2117 Iu
474 2081 577 2119 ora
596 2081 746 2130 vero,
771 2064 993 2128 Senum,
1038 2061 1347 2130 Callipolis,
1384 2078 1528 2129 quae
1549 2076 1698 2114 nunc

93 2140 174 2187 est
194 2138 369 2197 Anxa,
388 2134 600 2187 LXXV
620 2136 698 2187 M.
713 2149 856 2200 pass.
877 2136 1186 2186 aTarento.
1223 2131 1358 2184 inde
1380 2132 1591 2184 XXXII
1612 2131 1693 2183 M.

91 2204 551 2268 promontorium,
589 2203 739 2271 quod
779 2206 962 2256 Acran
1003 2200 1273 2270 Iapygian
1312 2206 1543 2263 vocant,
1583 2216 1693 2269 quo

90 2270 407 2339 longissime
427 2274 486 2325 in
508 2274 687 2324 maria
707 2273 955 2323 excurrit
975 2271 1160 2323 ltalia.
1197 2270 1279 2321 Ab
1302 2282 1372 2323 eo
1392 2270 1569 2322 Basta
1592 2284 1691 2337 op·

91 2342 291 2407 pidum,
328 2349 386 2395 et
412 2342 767 2410 Hydruntum
788 2341 977 2394 decem
997 2355 1064 2392 ac
1083 2354 1282 2392 novem
1305 2340 1386 2392 M.
1406 2353 1695 2407 passuum,

20 2407 23 2410 “
91 2408 160 2460 ad
179 2411 474 2464 discrimen
497 2410 641 2464 lonii
664 2416 723 2463 et
753 2408 1027 2462 Adriatici
1061 2410 1255 2471 maris,
1296 2423 1407 2476 qua
1445 2410 1503 2461 in
1524 2409 1697 2462 Grae-

90 2479 227 2531 ciam
247 2480 603 2536 brevissimus
622 2480 910 2542 transitus,
928 2491 1000 2530 ex
1018 2477 1251 2530 adverso
1271 2479 1697 2545 Apolloniatum

91 2549 376 2614 oppidum:
418 2549 716 2602 latitudine
755 2546 1182 2601 intercurrentis
1219 2545 1380 2609 freti,
1425 2553 1697 2616 quinqua·

93 2618 243 2681 ginta
255 2617 336 2671 M.
358 2631 467 2669 non
490 2617 743 2683 amplius.
779 2618 907 2669 Hoc
924 2613 1279 2666 intervallum
1302 2616 1547 2680 pedestri
1561 2632 1698 2669 ,con-

90 2684 310 2741 tinuare
360 2685 604 2740 transitu
648 2687 909 2755 pontibus
952 2684 1121 2738 iactis
1161 2683 1400 2750 primum
1441 2686 1694 2753 Pyrrhus

1803 1834 1849 1858 Q
